<?xml version="1.0" encoding="UTF-8"?>
<!DOCTYPE html PUBLIC "-//W3C//DTD XHTML 1.0 Transitional//EN"
    "http://www.w3.org/TR/xhtml1/DTD/xhtml1-transitional.dtd">
<html xmlns="http://www.w3.org/1999/xhtml" xml:lang="en" lang="en">
 <head>
  <title>
</title>
<meta http-equiv="Content-Type" content="text/html;charset=utf-8" />
  <meta name='ocr-system' content='tesseract 3.04.00' />
  <meta name='ocr-capabilities' content='ocr_page ocr_carea ocr_par ocr_line ocrx_word'/>
</head>
<body>
  <div class='ocr_page' id='page_1' title='image "4777052_0028.png"; bbox 0 0 2824 3778; ppageno 0'>
   <div class='ocr_carea' id='block_1_1' title="bbox 0 0 951 275">
    <p class='ocr_par' dir='ltr' id='par_1_1' title="bbox 0 0 951 275">
     <span class='ocr_line' id='line_1_1' title="bbox 0 0 951 275; baseline 0 0"><span class='ocrx_word' id='word_1_1' title='bbox 0 0 951 275; x_wconf 95' lang='lat' dir='ltr'><strong>  </strong></span> 
     </span>
    </p>
   </div>
   <div class='ocr_carea' id='block_1_2' title="bbox 184 216 2407 526">
    <p class='ocr_par' dir='ltr' id='par_1_2' title="bbox 184 216 2117 375">
     <span class='ocr_line' id='line_1_2' title="bbox 184 216 1887 311; baseline 0.005 -17.218"><span class='ocrx_word' id='word_1_2' title='bbox 184 236 552 298; x_wconf 52' lang='grc' dir='ltr'>ιδπιιιιιθίὶιί</span> <span class='ocrx_word' id='word_1_3' title='bbox 559 216 1044 305; x_wconf 50' lang='lat' dir='ltr'><strong>&amp;ammonium</strong></span> <span class='ocrx_word' id='word_1_4' title='bbox 1071 239 1526 302; x_wconf 57' lang='lat' dir='ltr'><strong>emmaum</strong></span> <span class='ocrx_word' id='word_1_5' title='bbox 1539 240 1887 315; x_wconf 50' lang='lat' dir='ltr'><strong>mm,</strong></span> 
     </span>
     <span class='ocr_line' id='line_1_3' title="bbox 220 303 2179 378; baseline 0.001 -16.005"><span class='ocrx_word' id='word_1_6' title='bbox 220 313 384 371; x_wconf 96' lang='grc' dir='ltr'>ὤθεε</span> <span class='ocrx_word' id='word_1_7' title='bbox 393 321 545 378; x_wconf 63' lang='lat' dir='ltr'><strong>rata,</strong></span> <span class='ocrx_word' id='word_1_8' title='bbox 559 316 713 369; x_wconf 78' lang='lat' dir='ltr'><strong>inscia</strong></span> <span class='ocrx_word' id='word_1_9' title='bbox 726 319 885 375; x_wconf 73' lang='lat' dir='ltr'><strong>atque</strong></span> <span class='ocrx_word' id='word_1_10' title='bbox 891 317 1062 364; x_wconf 70' lang='lat' dir='ltr'><strong>inrita:</strong></span> <span class='ocrx_word' id='word_1_11' title='bbox 1066 329 1154 367; x_wconf 37' lang='lat' dir='ltr'><strong>fea</strong></span> <span class='ocrx_word' id='word_1_12' title='bbox 1151 303 1702 375; x_wconf 59' lang='lat' dir='ltr'><strong>suadendum,</strong></span> <span class='ocrx_word' id='word_1_13' title='bbox 1804 367 1808 371; x_wconf 89' lang='lat'>.</span> <span class='ocrx_word' id='word_1_14' title='bbox 1934 318 1944 333; x_wconf 78' lang='grc'><strong>·’</strong></span> <span class='ocrx_word' id='word_1_15' title='bbox 2104 339 2179 375; x_wconf 91' lang='lat'><strong><em>4</em></strong></span> 
     </span>
    </p>

    <p class='ocr_par' dir='ltr' id='par_1_3' title="bbox 228 358 2363 526">
     <span class='ocr_line' id='line_1_4' title="bbox 229 358 2363 461; baseline 0.001 -26"><span class='ocrx_word' id='word_1_16' title='bbox 229 389 372 454; x_wconf 70' lang='lat' dir='ltr'><strong>Quare</strong></span> <span class='ocrx_word' id='word_1_17' title='bbox 408 403 508 441; x_wconf 77' lang='lat' dir='ltr'><strong>cum</strong></span> <span class='ocrx_word' id='word_1_18' title='bbox 537 389 764 445; x_wconf 72' lang='lat' dir='ltr'><strong>Wagnero</strong></span> <span class='ocrx_word' id='word_1_19' title='bbox 798 395 858 436; x_wconf 87' lang='lat' dir='ltr'><strong>et</strong></span> <span class='ocrx_word' id='word_1_20' title='bbox 868 390 1126 447; x_wconf 75' lang='lat' dir='ltr'><strong>Ladewigio</strong></span> <span class='ocrx_word' id='word_1_21' title='bbox 1151 381 1377 442; x_wconf 67' lang='grc' dir='ltr'><strong>Βίιιιιιιειιι,Ι</strong></span> <span class='ocrx_word' id='word_1_22' title='bbox 1387 394 1535 441; x_wconf 66' lang='lat' dir='ltr'><strong>statuo</strong></span> <span class='ocrx_word' id='word_1_23' title='bbox 1556 403 1648 442; x_wconf 68' lang='lat' dir='ltr'><strong>»aon</strong></span> <span class='ocrx_word' id='word_1_24' title='bbox 1665 358 1784 442; x_wconf 55' lang='lat' dir='ltr'><strong>{aui</strong></span> <span class='ocrx_word' id='word_1_25' title='bbox 1789 392 2076 459; x_wconf 60' lang='lat' dir='ltr'><strong>„W</strong></span> <span class='ocrx_word' id='word_1_26' title='bbox 2085 397 2363 461; x_wconf 54' lang='lat' dir='ltr'><strong><em>m</em></strong></span> 
     </span>
     <span class='ocr_line' id='line_1_5' title="bbox 228 458 2407 526; baseline 0.004 -18"><span class='ocrx_word' id='word_1_27' title='bbox 228 463 406 520; x_wconf 70' lang='lat' dir='ltr'><strong>plorate</strong></span> <span class='ocrx_word' id='word_1_28' title='bbox 417 463 639 517; x_wconf 75' lang='lat' dir='ltr'><strong>fortunam</strong></span> <span class='ocrx_word' id='word_1_29' title='bbox 665 475 815 517; x_wconf 72' lang='lat' dir='ltr'><strong>snam,</strong></span> <span class='ocrx_word' id='word_1_30' title='bbox 853 476 939 521; x_wconf 81' lang='lat' dir='ltr'><strong>qua</strong></span> <span class='ocrx_word' id='word_1_31' title='bbox 967 463 1064 520; x_wconf 71' lang='lat' dir='ltr'><strong>ipsa</strong></span> <span class='ocrx_word' id='word_1_32' title='bbox 1090 463 1262 510; x_wconf 81' lang='lat' dir='ltr'><strong>sororis</strong></span> <span class='ocrx_word' id='word_1_33' title='bbox 1270 462 1347 508; x_wconf 76' lang='lat' dir='ltr'><strong>sni</strong></span> <span class='ocrx_word' id='word_1_34' title='bbox 1373 461 1714 518; x_wconf 66' lang='grc' dir='ltr'>ωιιιιιεείιιιιιθ</span> <span class='ocrx_word' id='word_1_35' title='bbox 1723 464 1843 515; x_wconf 81' lang='lat' dir='ltr'><strong>fides</strong></span> <span class='ocrx_word' id='word_1_36' title='bbox 1860 469 1918 518; x_wconf 82' lang='lat' dir='ltr'><strong>et</strong></span> <span class='ocrx_word' id='word_1_37' title='bbox 1926 473 2071 515; x_wconf 66' lang='lat' dir='ltr'><strong>amet</strong></span> <span class='ocrx_word' id='word_1_38' title='bbox 2069 458 2407 526; x_wconf 62' lang='lat' dir='ltr'><strong>12th</strong></span> 
     </span>
    </p>
   </div>
   <div class='ocr_carea' id='block_1_3' title="bbox 2314 345 2418 420">
    <p class='ocr_par' dir='ltr' id='par_1_4' title="bbox 2314 345 2418 420">
     <span class='ocr_line' id='line_1_6' title="bbox 2314 345 2418 420; baseline 0 -17"><span class='ocrx_word' id='word_1_39' title='bbox 2314 345 2418 420; x_wconf 39' lang='grc' dir='ltr'><strong>ψέξῃ</strong></span> 
     </span>
    </p>
   </div>
   <div class='ocr_carea' id='block_1_4' title="bbox 228 510 2537 630">
    <p class='ocr_par' dir='ltr' id='par_1_5' title="bbox 228 510 2649 630">
     <span class='ocr_line' id='line_1_7' title="bbox 228 510 2537 630; baseline 0.007 -49"><span class='ocrx_word' id='word_1_40' title='bbox 228 549 397 589; x_wconf 75' lang='lat' dir='ltr'><strong>morum</strong></span> <span class='ocrx_word' id='word_1_41' title='bbox 432 536 656 589; x_wconf 74' lang='lat' dir='ltr'><strong>malorum.</strong></span> <span class='ocrx_word' id='word_1_42' title='bbox 721 535 776 584; x_wconf 82' lang='lat' dir='ltr'><strong>Et</strong></span> <span class='ocrx_word' id='word_1_43' title='bbox 815 536 855 583; x_wconf 87' lang='lat' dir='ltr'><strong>si</strong></span> <span class='ocrx_word' id='word_1_44' title='bbox 893 536 1024 582; x_wconf 80' lang='lat' dir='ltr'><strong>verba</strong></span> <span class='ocrx_word' id='word_1_45' title='bbox 1053 534 1161 594; x_wconf 84' lang='lat' dir='ltr'><strong>ipsa</strong></span> <span class='ocrx_word' id='word_1_46' title='bbox 1185 534 1479 626; x_wconf 66' lang='lat' dir='ltr'><strong>respicimus,</strong></span> <span class='ocrx_word' id='word_1_47' title='bbox 1488 534 1611 590; x_wconf 67' lang='lat' dir='ltr'><strong>Dido</strong></span> <span class='ocrx_word' id='word_1_48' title='bbox 1639 551 1790 630; x_wconf 68' lang='lat' dir='ltr'><strong>quun</strong></span> <span class='ocrx_word' id='word_1_49' title='bbox 1787 538 1904 590; x_wconf 75' lang='lat' dir='ltr'><strong>dicit</strong></span> <span class='ocrx_word' id='word_1_50' title='bbox 1929 544 2002 597; x_wconf 85' lang='lat' dir='ltr'><strong>··„-tu</strong></span> <span class='ocrx_word' id='word_1_51' title='bbox 2018 510 2537 597; x_wconf 56' lang='lat' dir='ltr'><strong>lacrimem</strong></span> 
     </span>
    </p>
   </div>
   <div class='ocr_carea' id='block_1_5' title="bbox 228 610 861 659">
    <p class='ocr_par' dir='ltr' id='par_1_6' title="bbox 228 610 861 659">
     <span class='ocr_line' id='line_1_8' title="bbox 228 610 861 659; baseline -0.006 -1"><span class='ocrx_word' id='word_1_52' title='bbox 228 623 420 659; x_wconf 82' lang='lat' dir='ltr'><strong>sororem</strong></span> <span class='ocrx_word' id='word_1_53' title='bbox 447 610 579 655; x_wconf 85' lang='lat' dir='ltr'><strong>etiam</strong></span> <span class='ocrx_word' id='word_1_54' title='bbox 607 615 801 656; x_wconf 79' lang='lat' dir='ltr'><strong>excusat.</strong></span> <span class='ocrx_word' id='word_1_55' title='bbox 860 650 861 653; x_wconf 74' lang='grc'>,</span> 
     </span>
    </p>
   </div>
   <div class='ocr_carea' id='block_1_6' title="bbox 395 636 2638 759">
    <p class='ocr_par' dir='ltr' id='par_1_7' title="bbox 395 636 2638 759">
     <span class='ocr_line' id='line_1_9' title="bbox 395 636 2638 759; baseline 0.004 -31"><span class='ocrx_word' id='word_1_56' title='bbox 395 683 595 740; x_wconf 83' lang='lat' dir='ltr'><strong>Denique</strong></span> <span class='ocrx_word' id='word_1_57' title='bbox 622 696 681 730; x_wconf 81' lang='lat' dir='ltr'><strong>ne</strong></span> <span class='ocrx_word' id='word_1_58' title='bbox 705 683 752 729; x_wconf 81' lang='lat' dir='ltr'><strong>id</strong></span> <span class='ocrx_word' id='word_1_59' title='bbox 777 683 955 741; x_wconf 74' lang='lat' dir='ltr'><strong>quidem</strong></span> <span class='ocrx_word' id='word_1_60' title='bbox 983 657 1130 741; x_wconf 83' lang='lat' dir='ltr'><strong>probo,</strong></span> <span class='ocrx_word' id='word_1_61' title='bbox 1158 638 1272 740; x_wconf 76' lang='lat' dir='ltr'><strong>quod</strong></span> <span class='ocrx_word' id='word_1_62' title='bbox 1299 636 1582 735; x_wconf 74' lang='lat' dir='ltr'><strong>Ribbeckius</strong></span> <span class='ocrx_word' id='word_1_63' title='bbox 1590 656 1720 735; x_wconf 67' lang='lat' dir='ltr'><strong>aliam</strong></span> <span class='ocrx_word' id='word_1_64' title='bbox 1741 695 1905 740; x_wconf 67' lang='lat' dir='ltr'><strong>versus</strong></span> <span class='ocrx_word' id='word_1_65' title='bbox 1925 685 1989 734; x_wconf 87' lang='lat' dir='ltr'><strong>sic</strong></span> <span class='ocrx_word' id='word_1_66' title='bbox 2017 660 2065 733; x_wconf 82' lang='lat' dir='ltr'><strong>ut</strong></span> <span class='ocrx_word' id='word_1_67' title='bbox 2081 658 2241 745; x_wconf 71' lang='grc' dir='ltr'>ηιςςι,</span> <span class='ocrx_word' id='word_1_68' title='bbox 2246 686 2315 742; x_wconf 76' lang='lat' dir='ltr'><strong>fit</strong></span> <span class='ocrx_word' id='word_1_69' title='bbox 2317 685 2624 759; x_wconf 60' lang='grc' dir='ltr'>θοιιάιιᾶιε</span> <span class='ocrx_word' id='word_1_70' title='bbox 2635 651 2638 657; x_wconf 25' lang='grc'><strong>”</strong></span> 
     </span>
    </p>
   </div>
   <div class='ocr_carea' id='block_1_7' title="bbox 228 756 2635 889">
    <p class='ocr_par' dir='ltr' id='par_1_8' title="bbox 228 756 2635 889">
     <span class='ocr_line' id='line_1_10' title="bbox 228 756 2635 838; baseline 0.002 -37"><span class='ocrx_word' id='word_1_71' title='bbox 228 758 487 802; x_wconf 86' lang='lat' dir='ltr'><strong>defendendi</strong></span> <span class='ocrx_word' id='word_1_72' title='bbox 527 758 639 802; x_wconf 84' lang='lat' dir='ltr'><strong>viam</strong></span> <span class='ocrx_word' id='word_1_73' title='bbox 679 770 777 802; x_wconf 88' lang='lat' dir='ltr'><strong>esse</strong></span> <span class='ocrx_word' id='word_1_74' title='bbox 817 757 1008 813; x_wconf 88' lang='lat' dir='ltr'><strong>negavit,</strong></span> <span class='ocrx_word' id='word_1_75' title='bbox 1045 757 1129 802; x_wconf 90' lang='lat' dir='ltr'><strong>nisi</strong></span> <span class='ocrx_word' id='word_1_76' title='bbox 1158 762 1206 801; x_wconf 91' lang='lat' dir='ltr'><strong>ut</strong></span> <span class='ocrx_word' id='word_1_77' title='bbox 1234 756 1447 801; x_wconf 88' lang='lat' dir='ltr'>Didonem</span> <span class='ocrx_word' id='word_1_78' title='bbox 1474 757 1662 809; x_wconf 67' lang='lat' dir='ltr'><strong>,inaximo</strong></span> <span class='ocrx_word' id='word_1_79' title='bbox 1674 758 1871 811; x_wconf 76' lang='lat' dir='ltr'><strong>doloris,</strong></span> <span class='ocrx_word' id='word_1_80' title='bbox 1865 761 2061 817; x_wconf 74' lang='lat' dir='ltr'><strong>impetu</strong></span> <span class='ocrx_word' id='word_1_81' title='bbox 2068 760 2309 818; x_wconf 73' lang='lat' dir='ltr'><strong>abreptam</strong></span> <span class='ocrx_word' id='word_1_82' title='bbox 2317 757 2455 828; x_wconf 67' lang='lat' dir='ltr'><strong>inodo</strong></span> <span class='ocrx_word' id='word_1_83' title='bbox 2446 757 2635 838; x_wconf 53' lang='lat' dir='ltr'><strong>hu?</strong></span> 
     </span>
     <span class='ocr_line' id='line_1_11' title="bbox 228 826 2595 889; baseline 0.003 -14"><span class='ocrx_word' id='word_1_84' title='bbox 228 831 356 877; x_wconf 90' lang='lat' dir='ltr'><strong>modo</strong></span> <span class='ocrx_word' id='word_1_85' title='bbox 377 831 479 876; x_wconf 92' lang='lat' dir='ltr'><strong>illuc</strong></span> <span class='ocrx_word' id='word_1_86' title='bbox 507 831 651 876; x_wconf 84' lang='lat' dir='ltr'><strong>animo</strong></span> <span class='ocrx_word' id='word_1_87' title='bbox 679 830 883 876; x_wconf 82' lang='lat' dir='ltr'><strong>fluctuare</strong></span> <span class='ocrx_word' id='word_1_88' title='bbox 913 834 1214 876; x_wconf 81' lang='lat' dir='ltr'><strong>statueremus.</strong></span> <span class='ocrx_word' id='word_1_89' title='bbox 1269 829 1406 876; x_wconf 91' lang='lat' dir='ltr'><strong>Immo</strong></span> <span class='ocrx_word' id='word_1_90' title='bbox 1431 829 1576 875; x_wconf 87' lang='lat' dir='ltr'><strong>omnia</strong></span> <span class='ocrx_word' id='word_1_91' title='bbox 1599 830 1708 876; x_wconf 85' lang='lat' dir='ltr'><strong>mihi</strong></span> <span class='ocrx_word' id='word_1_92' title='bbox 1736 836 1855 878; x_wconf 90' lang='lat' dir='ltr'><strong>recte</strong></span> <span class='ocrx_word' id='word_1_93' title='bbox 1882 826 2116 889; x_wconf 88' lang='lat' dir='ltr'><strong>procedere</strong></span> <span class='ocrx_word' id='word_1_94' title='bbox 2144 833 2381 880; x_wconf 57' lang='lat' dir='ltr'><strong>videntum·</strong></span> <span class='ocrx_word' id='word_1_95' title='bbox 2409 831 2595 885; x_wconf 82' lang='grc' dir='ltr'>Οιιιιιίε</span> 
     </span>
    </p>
   </div>
   <div class='ocr_carea' id='block_1_8' title="bbox 229 896 2573 966">
    <p class='ocr_par' dir='ltr' id='par_1_9' title="bbox 229 869 2654 966">
     <span class='ocr_line' id='line_1_12' title="bbox 229 896 2573 966; baseline 0.001 -17"><span class='ocrx_word' id='word_1_96' title='bbox 229 906 343 955; x_wconf 88' lang='lat' dir='ltr'><strong>enim</strong></span> <span class='ocrx_word' id='word_1_97' title='bbox 383 905 493 950; x_wconf 90' lang='lat' dir='ltr'><strong>haec</strong></span> <span class='ocrx_word' id='word_1_98' title='bbox 532 905 669 949; x_wconf 89' lang='lat' dir='ltr'><strong>oratio</strong></span> <span class='ocrx_word' id='word_1_99' title='bbox 710 903 832 961; x_wconf 88' lang='lat' dir='ltr'><strong>(inde</strong></span> <span class='ocrx_word' id='word_1_100' title='bbox 862 917 889 948; x_wconf 92' lang='lat' dir='ltr'><strong>a</strong></span> <span class='ocrx_word' id='word_1_101' title='bbox 916 917 980 948; x_wconf 88' lang='lat' dir='ltr'><strong>vs.</strong></span> <span class='ocrx_word' id='word_1_102' title='bbox 1012 904 1116 958; x_wconf 85' lang='lat'>534)</span> <span class='ocrx_word' id='word_1_103' title='bbox 1153 902 1320 948; x_wconf 85' lang='lat' dir='ltr'><strong>duabus</strong></span> <span class='ocrx_word' id='word_1_104' title='bbox 1359 902 1554 961; x_wconf 81' lang='lat' dir='ltr'><strong>partibus</strong></span> <span class='ocrx_word' id='word_1_105' title='bbox 1589 909 1767 949; x_wconf 82' lang='lat' dir='ltr'><strong>constat.</strong></span> <span class='ocrx_word' id='word_1_106' title='bbox 1831 904 2022 958; x_wconf 83' lang='lat' dir='ltr'><strong>Quarum</strong></span> <span class='ocrx_word' id='word_1_107' title='bbox 2056 907 2173 964; x_wconf 84' lang='lat' dir='ltr'><strong>prior</strong></span> <span class='ocrx_word' id='word_1_108' title='bbox 2200 922 2262 954; x_wconf 83' lang='lat' dir='ltr'><strong>vs.</strong></span> <span class='ocrx_word' id='word_1_109' title='bbox 2291 909 2373 954; x_wconf 87' lang='grc'><strong>547</strong></span> <span class='ocrx_word' id='word_1_110' title='bbox 2401 896 2573 966; x_wconf 78' lang='lat' dir='ltr'><strong>finitur.</strong></span> 
     </span>
    </p>
   </div>
   <div class='ocr_carea' id='block_1_9' title="bbox 225 974 2601 1109">
    <p class='ocr_par' dir='ltr' id='par_1_10' title="bbox 225 974 2601 1109">
     <span class='ocr_line' id='line_1_13' title="bbox 228 974 2601 1070; baseline 0.003 -45"><span class='ocrx_word' id='word_1_111' title='bbox 228 979 460 1036; x_wconf 71' lang='lat' dir='ltr'><strong>Postquam</strong></span> <span class='ocrx_word' id='word_1_112' title='bbox 490 979 602 1024; x_wconf 86' lang='lat' dir='ltr'><strong>enim</strong></span> <span class='ocrx_word' id='word_1_113' title='bbox 630 978 753 1023; x_wconf 87' lang='lat' dir='ltr'><strong>varia</strong></span> <span class='ocrx_word' id='word_1_114' title='bbox 780 978 836 1022; x_wconf 86' lang='lat' dir='ltr'><strong>de</strong></span> <span class='ocrx_word' id='word_1_115' title='bbox 864 978 1018 1035; x_wconf 86' lang='lat' dir='ltr'><strong>quibus</strong></span> <span class='ocrx_word' id='word_1_116' title='bbox 1048 978 1240 1035; x_wconf 81' lang='lat' dir='ltr'><strong>cogitare</strong></span> <span class='ocrx_word' id='word_1_117' title='bbox 1278 981 1462 1034; x_wconf 77' lang='lat' dir='ltr'><strong>poterat</strong></span> <span class='ocrx_word' id='word_1_118' title='bbox 1479 977 1640 1035; x_wconf 82' lang='lat' dir='ltr'><strong>reiecit,</strong></span> <span class='ocrx_word' id='word_1_119' title='bbox 1678 977 1778 1031; x_wconf 76' lang='lat' dir='ltr'><strong>forti</strong></span> <span class='ocrx_word' id='word_1_120' title='bbox 1801 983 1850 1028; x_wconf 69' lang='lat' dir='ltr'><strong>et</strong></span> <span class='ocrx_word' id='word_1_121' title='bbox 1877 990 2090 1036; x_wconf 66' lang='lat' dir='ltr'><strong>genem</strong></span> <span class='ocrx_word' id='word_1_122' title='bbox 2116 974 2307 1031; x_wconf 66' lang='lat' dir='ltr'><strong>maiam</strong></span> <span class='ocrx_word' id='word_1_123' title='bbox 2320 982 2436 1041; x_wconf 73' lang='lat' dir='ltr'><strong>quod</strong></span> <span class='ocrx_word' id='word_1_124' title='bbox 2456 978 2601 1070; x_wconf 57' lang='lat' dir='ltr'><strong>dig-ss·</strong></span> 
     </span>
     <span class='ocr_line' id='line_1_14' title="bbox 225 1051 2500 1109; baseline -0.002 -10"><span class='ocrx_word' id='word_1_125' title='bbox 225 1067 330 1100; x_wconf 85' lang='lat' dir='ltr'><strong>num</strong></span> <span class='ocrx_word' id='word_1_126' title='bbox 360 1054 427 1109; x_wconf 85' lang='lat' dir='ltr'><strong>sit,</strong></span> <span class='ocrx_word' id='word_1_127' title='bbox 457 1066 505 1098; x_wconf 85' lang='lat' dir='ltr'><strong>se</strong></span> <span class='ocrx_word' id='word_1_128' title='bbox 533 1053 745 1096; x_wconf 75' lang='lat' dir='ltr'><strong>facturam</strong></span> <span class='ocrx_word' id='word_1_129' title='bbox 773 1052 952 1097; x_wconf 79' lang='lat' dir='ltr'><strong>indicat:</strong></span> <span class='ocrx_word' id='word_1_130' title='bbox 992 1053 1096 1109; x_wconf 84' lang='lat' dir='ltr'><strong>quin</strong></span> <span class='ocrx_word' id='word_1_131' title='bbox 1124 1064 1303 1107; x_wconf 74' lang='lat' dir='ltr'><strong>morere,</strong></span> <span class='ocrx_word' id='word_1_132' title='bbox 1331 1056 1379 1096; x_wconf 88' lang='lat' dir='ltr'><strong>ut</strong></span> <span class='ocrx_word' id='word_1_133' title='bbox 1406 1051 1569 1098; x_wconf 79' lang='lat' dir='ltr'><strong>merita</strong></span> <span class='ocrx_word' id='word_1_134' title='bbox 1587 1063 1648 1108; x_wconf 75' lang='lat' dir='ltr'><strong>es,</strong></span> <span class='ocrx_word' id='word_1_135' title='bbox 1674 1051 1873 1109; x_wconf 51' lang='lat' dir='ltr'><strong>&amp;troque</strong></span> <span class='ocrx_word' id='word_1_136' title='bbox 1900 1057 2047 1100; x_wconf 75' lang='lat' dir='ltr'><strong>averte</strong></span> <span class='ocrx_word' id='word_1_137' title='bbox 2074 1053 2277 1105; x_wconf 77' lang='lat' dir='ltr'><strong>dolorem.</strong></span> <span class='ocrx_word' id='word_1_138' title='bbox 2334 1102 2336 1106; x_wconf 16' lang='lat' dir='ltr'>v</span> <span class='ocrx_word' id='word_1_139' title='bbox 2471 1071 2500 1106; x_wconf 57' lang='grc' dir='ltr'><strong>ρ.</strong></span> 
     </span>
    </p>
   </div>
   <div class='ocr_carea' id='block_1_10' title="bbox 229 1124 2573 1259">
    <p class='ocr_par' dir='ltr' id='par_1_11' title="bbox 229 1102 2726 1280">
     <span class='ocr_line' id='line_1_15' title="bbox 400 1124 2573 1202; baseline 0 -32"><span class='ocrx_word' id='word_1_140' title='bbox 400 1127 494 1170; x_wconf 88' lang='lat' dir='ltr'><strong>Iam</strong></span> <span class='ocrx_word' id='word_1_141' title='bbox 523 1126 721 1172; x_wconf 78' lang='lat' dir='ltr'><strong>subsistit</strong></span> <span class='ocrx_word' id='word_1_142' title='bbox 747 1130 793 1170; x_wconf 85' lang='lat' dir='ltr'><strong>et</strong></span> <span class='ocrx_word' id='word_1_143' title='bbox 821 1125 1088 1181; x_wconf 77' lang='lat' dir='ltr'><strong>queribunda</strong></span> <span class='ocrx_word' id='word_1_144' title='bbox 1116 1125 1334 1171; x_wconf 79' lang='lat' dir='ltr'><strong>miseriam</strong></span> <span class='ocrx_word' id='word_1_145' title='bbox 1360 1137 1488 1173; x_wconf 70' lang='lat' dir='ltr'><strong>suam</strong></span> <span class='ocrx_word' id='word_1_146' title='bbox 1514 1124 1721 1181; x_wconf 60' lang='lat' dir='ltr'><strong>respicit,</strong></span> <span class='ocrx_word' id='word_1_147' title='bbox 1731 1139 1842 1189; x_wconf 76' lang='lat' dir='ltr'><strong>qna</strong></span> <span class='ocrx_word' id='word_1_148' title='bbox 1837 1126 1951 1172; x_wconf 79' lang='lat' dir='ltr'><strong>iam</strong></span> <span class='ocrx_word' id='word_1_149' title='bbox 1960 1140 2013 1176; x_wconf 83' lang='lat' dir='ltr'><strong>eo</strong></span> <span class='ocrx_word' id='word_1_150' title='bbox 2026 1127 2216 1179; x_wconf 69' lang='lat' dir='ltr'><strong>redacta</strong></span> <span class='ocrx_word' id='word_1_151' title='bbox 2226 1129 2302 1185; x_wconf 86' lang='lat' dir='ltr'><strong>sit,</strong></span> <span class='ocrx_word' id='word_1_152' title='bbox 2318 1135 2573 1202; x_wconf 67' lang='lat' dir='ltr'><strong>utpmeter&#39;</strong></span> 
     </span>
     <span class='ocr_line' id='line_1_16' title="bbox 229 1198 2557 1259; baseline 0.001 -13"><span class='ocrx_word' id='word_1_153' title='bbox 229 1204 411 1246; x_wconf 84' lang='lat' dir='ltr'><strong>mortem</strong></span> <span class='ocrx_word' id='word_1_154' title='bbox 450 1199 507 1246; x_wconf 90' lang='lat' dir='ltr'><strong>nil</strong></span> <span class='ocrx_word' id='word_1_155' title='bbox 547 1199 631 1245; x_wconf 88' lang='lat' dir='ltr'><strong>sibi</strong></span> <span class='ocrx_word' id='word_1_156' title='bbox 668 1199 841 1255; x_wconf 83' lang='lat' dir='ltr'><strong>reliqui</strong></span> <span class='ocrx_word' id='word_1_157' title='bbox 858 1198 1019 1245; x_wconf 85' lang='lat' dir='ltr'><strong>factum</strong></span> <span class='ocrx_word' id='word_1_158' title='bbox 1047 1199 1115 1259; x_wconf 86' lang='lat' dir='ltr'><strong>sit.</strong></span> <span class='ocrx_word' id='word_1_159' title='bbox 1173 1198 1438 1246; x_wconf 81' lang='lat' dir='ltr'><strong>Recordatur</strong></span> <span class='ocrx_word' id='word_1_160' title='bbox 1465 1198 1746 1255; x_wconf 71' lang='lat' dir='ltr'><strong>potissimum,</strong></span> <span class='ocrx_word' id='word_1_161' title='bbox 1755 1213 1920 1255; x_wconf 62' lang='lat' dir='ltr'><strong>eornm,</strong></span> <span class='ocrx_word' id='word_1_162' title='bbox 1956 1201 2074 1247; x_wconf 76' lang='lat' dir='ltr'><strong>unde</strong></span> <span class='ocrx_word' id='word_1_163' title='bbox 2098 1201 2266 1249; x_wconf 71' lang='lat' dir='ltr'><strong>initium</strong></span> <span class='ocrx_word' id='word_1_164' title='bbox 2292 1203 2460 1258; x_wconf 72' lang='lat' dir='ltr'><strong>factum</strong></span> <span class='ocrx_word' id='word_1_165' title='bbox 2473 1206 2557 1259; x_wconf 61' lang='lat' dir='ltr'><strong>sit:</strong></span> 
     </span>
    </p>
   </div>
   <div class='ocr_carea' id='block_1_11' title="bbox 1724 204 2824 776">
    <p class='ocr_par' dir='ltr' id='par_1_12' title="bbox 1724 204 2824 776">
     <span class='ocr_line' id='line_1_17' title="bbox 1724 204 2824 494; baseline 0 -140"><span class='ocrx_word' id='word_1_166' title='bbox 1724 204 2824 494; x_wconf 95' lang='lat' dir='ltr'><strong>    </strong></span> 
     </span>
     <span class='ocr_line' id='line_1_18' title="bbox 2376 494 2824 557; baseline 0 0"><span class='ocrx_word' id='word_1_167' title='bbox 2376 494 2824 557; x_wconf 95' lang='lat' dir='ltr'><strong>  </strong></span> 
     </span>
     <span class='ocr_line' id='line_1_19' title="bbox 2492 557 2824 776; baseline 0 -125"><span class='ocrx_word' id='word_1_168' title='bbox 2492 557 2824 776; x_wconf 95' lang='lat' dir='ltr'><strong>    </strong></span> 
     </span>
    </p>
   </div>
   <div class='ocr_carea' id='block_1_12' title="bbox 228 1263 2824 1484">
    <p class='ocr_par' dir='ltr' id='par_1_13' title="bbox 228 1245 2824 1488">
     <span class='ocr_line' id='line_1_20' title="bbox 231 1263 2649 1331; baseline -0 -12"><span class='ocrx_word' id='word_1_169' title='bbox 231 1287 419 1319; x_wconf 90' lang='lat' dir='ltr'><strong>sororem</strong></span> <span class='ocrx_word' id='word_1_170' title='bbox 449 1272 565 1318; x_wconf 85' lang='lat' dir='ltr'><strong>enim</strong></span> <span class='ocrx_word' id='word_1_171' title='bbox 593 1273 778 1318; x_wconf 85' lang='lat' dir='ltr'><strong>furorem</strong></span> <span class='ocrx_word' id='word_1_172' title='bbox 809 1276 1063 1329; x_wconf 62' lang='lat' dir='ltr'><strong>susceptum&gt;</strong></span> <span class='ocrx_word' id='word_1_173' title='bbox 1084 1286 1168 1317; x_wconf 88' lang='lat' dir='ltr'><strong>non</strong></span> <span class='ocrx_word' id='word_1_174' title='bbox 1199 1271 1449 1327; x_wconf 83' lang='lat' dir='ltr'><strong>coercuisse,</strong></span> <span class='ocrx_word' id='word_1_175' title='bbox 1486 1270 1567 1316; x_wconf 88' lang='lat' dir='ltr'><strong>sed</strong></span> <span class='ocrx_word' id='word_1_176' title='bbox 1594 1276 1641 1316; x_wconf 93' lang='lat' dir='ltr'><strong>ut</strong></span> <span class='ocrx_word' id='word_1_177' title='bbox 1668 1271 1707 1316; x_wconf 91' lang='lat' dir='ltr'><strong>ei</strong></span> <span class='ocrx_word' id='word_1_178' title='bbox 1735 1271 1978 1329; x_wconf 83' lang='lat' dir='ltr'><strong>indulgeret</strong></span> <span class='ocrx_word' id='word_1_179' title='bbox 2004 1273 2085 1326; x_wconf 84' lang='lat' dir='ltr'><strong>sibi</strong></span> <span class='ocrx_word' id='word_1_180' title='bbox 2115 1276 2394 1331; x_wconf 71' lang='lat' dir='ltr'><strong>persuasisse.</strong></span> <span class='ocrx_word' id='word_1_181' title='bbox 2449 1263 2557 1328; x_wconf 62' lang='lat' dir='ltr'><strong>Inde</strong></span> <span class='ocrx_word' id='word_1_182' title='bbox 2647 1308 2649 1311; x_wconf 74' lang='lat'><em>.</em></span> 
     </span>
     <span class='ocr_line' id='line_1_21' title="bbox 228 1323 2824 1412; baseline 0 -21"><span class='ocrx_word' id='word_1_183' title='bbox 228 1347 341 1391; x_wconf 89' lang='lat' dir='ltr'><strong>enim</strong></span> <span class='ocrx_word' id='word_1_184' title='bbox 382 1347 438 1391; x_wconf 90' lang='lat' dir='ltr'><strong>ab</strong></span> <span class='ocrx_word' id='word_1_185' title='bbox 479 1359 531 1391; x_wconf 91' lang='lat' dir='ltr'><strong>eo</strong></span> <span class='ocrx_word' id='word_1_186' title='bbox 562 1351 757 1403; x_wconf 87' lang='lat' dir='ltr'><strong>tempore</strong></span> <span class='ocrx_word' id='word_1_187' title='bbox 796 1358 844 1390; x_wconf 93' lang='lat' dir='ltr'><strong>se</strong></span> <span class='ocrx_word' id='word_1_188' title='bbox 881 1358 1062 1403; x_wconf 84' lang='lat' dir='ltr'><strong>peccare</strong></span> <span class='ocrx_word' id='word_1_189' title='bbox 1099 1345 1295 1402; x_wconf 89' lang='lat' dir='ltr'><strong>coepisse</strong></span> <span class='ocrx_word' id='word_1_190' title='bbox 1330 1344 1584 1406; x_wconf 73' lang='lat' dir='ltr'><strong>culpamque</strong></span> <span class='ocrx_word' id='word_1_191' title='bbox 1611 1345 1882 1397; x_wconf 70' lang='lat' dir='ltr'><strong>contraxisse</strong></span> <span class='ocrx_word' id='word_1_192' title='bbox 1907 1346 2119 1403; x_wconf 77' lang='lat' dir='ltr'><strong>meminit,</strong></span> <span class='ocrx_word' id='word_1_193' title='bbox 2153 1347 2274 1393; x_wconf 90' lang='lat' dir='ltr'><strong>cuius</strong></span> <span class='ocrx_word' id='word_1_194' title='bbox 2302 1348 2389 1396; x_wconf 84' lang='lat' dir='ltr'><strong>iam</strong></span> <span class='ocrx_word' id='word_1_195' title='bbox 2415 1331 2605 1407; x_wconf 79' lang='lat' dir='ltr'><strong>poena</strong></span> <span class='ocrx_word' id='word_1_196' title='bbox 2700 1323 2824 1412; x_wconf 42' lang='lat'><strong>23³]</strong></span> 
     </span>
     <span class='ocr_line' id='line_1_22' title="bbox 228 1406 2818 1484; baseline 0.001 -19"><span class='ocrx_word' id='word_1_197' title='bbox 228 1420 388 1465; x_wconf 90' lang='lat' dir='ltr'><strong>luenda</strong></span> <span class='ocrx_word' id='word_1_198' title='bbox 426 1421 482 1465; x_wconf 89' lang='lat' dir='ltr'><strong>sit</strong></span> <span class='ocrx_word' id='word_1_199' title='bbox 520 1420 777 1476; x_wconf 86' lang='lat' dir='ltr'><strong>gravissima</strong></span> <span class='ocrx_word' id='word_1_200' title='bbox 819 1418 894 1474; x_wconf 90' lang='lat' dir='ltr'><strong>(cf.</strong></span> <span class='ocrx_word' id='word_1_201' title='bbox 925 1432 1056 1476; x_wconf 88' lang='lat' dir='ltr'><strong>supra</strong></span> <span class='ocrx_word' id='word_1_202' title='bbox 1085 1422 1150 1474; x_wconf 90' lang='lat'><strong>55,</strong></span> <span class='ocrx_word' id='word_1_203' title='bbox 1179 1407 1247 1462; x_wconf 79' lang='lat' dir='ltr'><strong>his</strong></span> <span class='ocrx_word' id='word_1_204' title='bbox 1276 1418 1405 1462; x_wconf 88' lang='lat' dir='ltr'><strong>dictis</strong></span> <span class='ocrx_word' id='word_1_205' title='bbox 1519 1417 1728 1474; x_wconf 82' lang='lat' dir='ltr'><strong>solvitque</strong></span> <span class='ocrx_word' id='word_1_206' title='bbox 1756 1418 2000 1475; x_wconf 85' lang='lat' dir='ltr'><strong>pudorem).</strong></span> <span class='ocrx_word' id='word_1_207' title='bbox 2056 1420 2137 1465; x_wconf 77' lang='lat' dir='ltr'><strong>Ex·</strong></span> <span class='ocrx_word' id='word_1_208' title='bbox 2154 1420 2246 1472; x_wconf 49' lang='lat' dir='ltr'><strong>hoo,</strong></span> <span class='ocrx_word' id='word_1_209' title='bbox 2263 1425 2408 1466; x_wconf 80' lang='lat' dir='ltr'><strong>autem</strong></span> <span class='ocrx_word' id='word_1_210' title='bbox 2434 1422 2556 1468; x_wconf 90' lang='lat' dir='ltr'><strong>initio</strong></span> <span class='ocrx_word' id='word_1_211' title='bbox 2735 1406 2786 1484; x_wconf 58' lang='lat' dir='ltr'><strong>{J</strong></span> <span class='ocrx_word' id='word_1_212' title='bbox 2816 1411 2818 1413; x_wconf 5' lang='grc' dir='ltr'>μ</span> 
     </span>
    </p>
   </div>
   <div class='ocr_carea' id='block_1_13' title="bbox 180 1492 2558 3248">
    <p class='ocr_par' dir='ltr' id='par_1_14' title="bbox 206 1492 2558 1846">
     <span class='ocr_line' id='line_1_23' title="bbox 227 1492 2558 1552; baseline 0.001 -16"><span class='ocrx_word' id='word_1_213' title='bbox 227 1494 306 1538; x_wconf 87' lang='lat' dir='ltr'><strong>fati</strong></span> <span class='ocrx_word' id='word_1_214' title='bbox 335 1494 606 1550; x_wconf 81' lang='lat' dir='ltr'><strong>iniquitatem</strong></span> <span class='ocrx_word' id='word_1_215' title='bbox 635 1493 846 1548; x_wconf 84' lang='lat' dir='ltr'><strong>intelligit,</strong></span> <span class='ocrx_word' id='word_1_216' title='bbox 877 1497 1038 1548; x_wconf 88' lang='lat' dir='ltr'><strong>quanta</strong></span> <span class='ocrx_word' id='word_1_217' title='bbox 1066 1492 1211 1536; x_wconf 84' lang='lat' dir='ltr'><strong>fuerit:</strong></span> <span class='ocrx_word' id='word_1_218' title='bbox 1251 1506 1337 1537; x_wconf 89' lang='lat' dir='ltr'><strong>non</strong></span> <span class='ocrx_word' id='word_1_219' title='bbox 1365 1492 1488 1536; x_wconf 90' lang='lat' dir='ltr'><strong>licuit</strong></span> <span class='ocrx_word' id='word_1_220' title='bbox 1496 1504 1656 1552; x_wconf 72' lang='lat' dir='ltr'><strong>‚neque</strong></span> <span class='ocrx_word' id='word_1_221' title='bbox 1682 1504 1831 1539; x_wconf 79' lang='lat' dir='ltr'><strong>amore</strong></span> <span class='ocrx_word' id='word_1_222' title='bbox 1849 1505 1986 1548; x_wconf 84' lang='lat' dir='ltr'><strong>neque</strong></span> <span class='ocrx_word' id='word_1_223' title='bbox 2012 1494 2140 1550; x_wconf 81' lang='lat' dir='ltr'><strong>culpa</strong></span> <span class='ocrx_word' id='word_1_224' title='bbox 2153 1499 2372 1552; x_wconf 89' lang='lat' dir='ltr'><strong>expertem</strong></span> <span class='ocrx_word' id='word_1_225' title='bbox 2392 1494 2558 1538; x_wconf 77' lang='lat' dir='ltr'><strong>vivere!</strong></span> 
     </span>
     <span class='ocr_line' id='line_1_24' title="bbox 227 1564 2557 1624; baseline 0 -13"><span class='ocrx_word' id='word_1_226' title='bbox 227 1581 256 1611; x_wconf 93' lang='lat' dir='ltr'><strong>a</strong></span> <span class='ocrx_word' id='word_1_227' title='bbox 285 1580 431 1612; x_wconf 90' lang='lat' dir='ltr'><strong>sorore</strong></span> <span class='ocrx_word' id='word_1_228' title='bbox 460 1567 640 1610; x_wconf 86' lang='lat' dir='ltr'><strong>inc-itata</strong></span> <span class='ocrx_word' id='word_1_229' title='bbox 668 1581 750 1610; x_wconf 91' lang='lat' dir='ltr'><strong>non</strong></span> <span class='ocrx_word' id='word_1_230' title='bbox 781 1565 895 1623; x_wconf 81' lang='lat' dir='ltr'><strong>potui</strong></span> <span class='ocrx_word' id='word_1_231' title='bbox 928 1579 1056 1622; x_wconf 88' lang='lat' dir='ltr'><strong>quam</strong></span> <span class='ocrx_word' id='word_1_232' title='bbox 1086 1565 1190 1610; x_wconf 90' lang='lat' dir='ltr'><strong>mihi</strong></span> <span class='ocrx_word' id='word_1_233' title='bbox 1220 1566 1507 1623; x_wconf 86' lang='lat' dir='ltr'><strong>imposueram</strong></span> <span class='ocrx_word' id='word_1_234' title='bbox 1538 1570 1582 1608; x_wconf 88' lang='lat' dir='ltr'><strong>ct</strong></span> <span class='ocrx_word' id='word_1_235' title='bbox 1610 1564 1667 1609; x_wconf 86' lang='lat' dir='ltr'><strong>ad</strong></span> <span class='ocrx_word' id='word_1_236' title='bbox 1695 1564 1741 1610; x_wconf 91' lang='lat' dir='ltr'><strong>id</strong></span> <span class='ocrx_word' id='word_1_237' title='bbox 1770 1570 1937 1622; x_wconf 85' lang='lat' dir='ltr'><strong>tempus</strong></span> <span class='ocrx_word' id='word_1_238' title='bbox 1966 1580 2250 1624; x_wconf 75' lang='lat' dir='ltr'><strong>servaveram,</strong></span> <span class='ocrx_word' id='word_1_239' title='bbox 2281 1567 2365 1611; x_wconf 89' lang='lat' dir='ltr'><strong>iam</strong></span> <span class='ocrx_word' id='word_1_240' title='bbox 2385 1580 2557 1612; x_wconf 88' lang='lat' dir='ltr'><strong>servare</strong></span> 
     </span>
     <span class='ocr_line' id='line_1_25' title="bbox 206 1639 2556 1698; baseline 0 -12"><span class='ocrx_word' id='word_1_241' title='bbox 206 1641 383 1698; x_wconf 65' lang='lat' dir='ltr'><strong>degem.</strong></span> <span class='ocrx_word' id='word_1_242' title='bbox 442 1640 497 1685; x_wconf 87' lang='lat' dir='ltr'><strong>Et</strong></span> <span class='ocrx_word' id='word_1_243' title='bbox 525 1639 660 1685; x_wconf 88' lang='lat' dir='ltr'><strong>videri</strong></span> <span class='ocrx_word' id='word_1_244' title='bbox 690 1644 834 1697; x_wconf 92' lang='lat' dir='ltr'><strong>potest</strong></span> <span class='ocrx_word' id='word_1_245' title='bbox 863 1639 976 1685; x_wconf 92' lang='lat' dir='ltr'><strong>Dido</strong></span> <span class='ocrx_word' id='word_1_246' title='bbox 1005 1640 1113 1684; x_wconf 89' lang='lat' dir='ltr'><strong>haec</strong></span> <span class='ocrx_word' id='word_1_247' title='bbox 1140 1654 1250 1695; x_wconf 85' lang='lat' dir='ltr'><strong>„non</strong></span> <span class='ocrx_word' id='word_1_248' title='bbox 1277 1639 1398 1684; x_wconf 89' lang='lat' dir='ltr'><strong>licuit</strong></span> <span class='ocrx_word' id='word_1_249' title='bbox 1426 1660 1482 1667; x_wconf 91' lang='lat'>—</span> <span class='ocrx_word' id='word_1_250' title='bbox 1511 1639 1735 1696; x_wconf 79' lang='lat' dir='ltr'><strong>Sychaeo“</strong></span> <span class='ocrx_word' id='word_1_251' title='bbox 1762 1640 2045 1697; x_wconf 68' lang='lat' dir='ltr'><strong>pronunciare</strong></span> <span class='ocrx_word' id='word_1_252' title='bbox 2074 1655 2236 1687; x_wconf 88' lang='lat' dir='ltr'><strong>memor</strong></span> <span class='ocrx_word' id='word_1_253' title='bbox 2264 1655 2410 1686; x_wconf 90' lang='lat' dir='ltr'><strong>eorum</strong></span> <span class='ocrx_word' id='word_1_254' title='bbox 2446 1655 2556 1698; x_wconf 90' lang='lat' dir='ltr'><strong>quae</strong></span> 
     </span>
     <span class='ocr_line' id='line_1_26' title="bbox 227 1713 2556 1777; baseline 0 -16"><span class='ocrx_word' id='word_1_255' title='bbox 227 1728 361 1774; x_wconf 88' lang='lat' dir='ltr'><strong>supra</strong></span> <span class='ocrx_word' id='word_1_256' title='bbox 387 1716 539 1760; x_wconf 80' lang='lat' dir='ltr'><strong>Annae</strong></span> <span class='ocrx_word' id='word_1_257' title='bbox 569 1728 631 1759; x_wconf 89' lang='lat' dir='ltr'><strong>vs.</strong></span> <span class='ocrx_word' id='word_1_258' title='bbox 666 1715 716 1759; x_wconf 89' lang='lat'><strong>15</strong></span> <span class='ocrx_word' id='word_1_259' title='bbox 747 1728 839 1771; x_wconf 88' lang='lat' dir='ltr'><strong>sqq.</strong></span> <span class='ocrx_word' id='word_1_260' title='bbox 870 1714 952 1760; x_wconf 90' lang='lat' dir='ltr'><strong>sibi</strong></span> <span class='ocrx_word' id='word_1_261' title='bbox 987 1714 1141 1771; x_wconf 84' lang='lat' dir='ltr'><strong>„fixum</strong></span> <span class='ocrx_word' id='word_1_262' title='bbox 1170 1713 1313 1760; x_wconf 90' lang='lat' dir='ltr'><strong>animo</strong></span> <span class='ocrx_word' id='word_1_263' title='bbox 1342 1714 1644 1770; x_wconf 89' lang='lat' dir='ltr'><strong>immotumque</strong></span> <span class='ocrx_word' id='word_1_264' title='bbox 1674 1716 1873 1760; x_wconf 84' lang='lat' dir='ltr'><strong>manere“</strong></span> <span class='ocrx_word' id='word_1_265' title='bbox 1900 1714 2069 1761; x_wconf 76' lang='lat' dir='ltr'><strong>dixerat</strong></span> <span class='ocrx_word' id='word_1_266' title='bbox 2105 1716 2179 1772; x_wconf 73' lang='lat' dir='ltr'><strong>(ct.</strong></span> <span class='ocrx_word' id='word_1_267' title='bbox 2209 1731 2271 1762; x_wconf 87' lang='lat' dir='ltr'><strong>vs.</strong></span> <span class='ocrx_word' id='word_1_268' title='bbox 2307 1717 2369 1772; x_wconf 88' lang='lat'><strong>18,</strong></span> <span class='ocrx_word' id='word_1_269' title='bbox 2399 1731 2459 1761; x_wconf 88' lang='lat' dir='ltr'><strong>vs.</strong></span> <span class='ocrx_word' id='word_1_270' title='bbox 2491 1719 2556 1777; x_wconf 88' lang='grc'><strong>24</strong></span> 
     </span>
     <span class='ocr_line' id='line_1_27' title="bbox 234 1791 434 1846; baseline 0 -12"><span class='ocrx_word' id='word_1_271' title='bbox 234 1804 296 1835; x_wconf 89' lang='lat' dir='ltr'><strong>vs.</strong></span> <span class='ocrx_word' id='word_1_272' title='bbox 329 1791 434 1846; x_wconf 84' lang='lat'><strong>28..)</strong></span> 
     </span>
    </p>

    <p class='ocr_par' dir='ltr' id='par_1_15' title="bbox 213 1839 2557 2214">
     <span class='ocr_line' id='line_1_28' title="bbox 394 1839 2557 1920; baseline 0 -12"><span class='ocrx_word' id='word_1_273' title='bbox 394 1865 515 1908; x_wconf 88' lang='lat' dir='ltr'><strong>Haec</strong></span> <span class='ocrx_word' id='word_1_274' title='bbox 543 1863 580 1907; x_wconf 93' lang='lat' dir='ltr'><strong>si</strong></span> <span class='ocrx_word' id='word_1_275' title='bbox 608 1868 726 1907; x_wconf 89' lang='lat' dir='ltr'><strong>recte</strong></span> <span class='ocrx_word' id='word_1_276' title='bbox 755 1863 975 1920; x_wconf 82' lang='lat' dir='ltr'><strong>disputata</strong></span> <span class='ocrx_word' id='word_1_277' title='bbox 1003 1867 1111 1918; x_wconf 89' lang='lat' dir='ltr'><strong>sunt,</strong></span> <span class='ocrx_word' id='word_1_278' title='bbox 1140 1862 1224 1906; x_wconf 87' lang='lat' dir='ltr'><strong>iam</strong></span> <span class='ocrx_word' id='word_1_279' title='bbox 1255 1862 1405 1919; x_wconf 83' lang='lat' dir='ltr'><strong>paucis</strong></span> <span class='ocrx_word' id='word_1_280' title='bbox 1434 1862 1650 1918; x_wconf 85' lang='lat' dir='ltr'><strong>agendum</strong></span> <span class='ocrx_word' id='word_1_281' title='bbox 1680 1862 1734 1906; x_wconf 90' lang='lat' dir='ltr'><strong>de</strong></span> <span class='ocrx_word' id='word_1_282' title='bbox 1764 1876 1816 1907; x_wconf 89' lang='lat' dir='ltr'><strong>eo</strong></span> <span class='ocrx_word' id='word_1_283' title='bbox 1845 1863 1951 1917; x_wconf 88' lang='lat' dir='ltr'><strong>loco,</strong></span> <span class='ocrx_word' id='word_1_284' title='bbox 1988 1864 2060 1907; x_wconf 93' lang='lat' dir='ltr'><strong>ubi</strong></span> <span class='ocrx_word' id='word_1_285' title='bbox 2089 1839 2351 1909; x_wconf 83' lang='lat' dir='ltr'><strong>Ribbeckius</strong></span> <span class='ocrx_word' id='word_1_286' title='bbox 2379 1878 2442 1908; x_wconf 87' lang='lat' dir='ltr'><strong>vs.</strong></span> <span class='ocrx_word' id='word_1_287' title='bbox 2473 1864 2557 1910; x_wconf 82' lang='lat'><strong>548</strong></span> 
     </span>
     <span class='ocr_line' id='line_1_29' title="bbox 227 1936 2554 1995; baseline -0 -13"><span class='ocrx_word' id='word_1_288' title='bbox 227 1953 290 1995; x_wconf 90' lang='lat' dir='ltr'><strong>sq.</strong></span> <span class='ocrx_word' id='word_1_289' title='bbox 322 1938 454 1982; x_wconf 89' lang='lat' dir='ltr'><strong>inseri</strong></span> <span class='ocrx_word' id='word_1_290' title='bbox 483 1938 573 1981; x_wconf 88' lang='lat' dir='ltr'><strong>vult</strong></span> <span class='ocrx_word' id='word_1_291' title='bbox 602 1937 752 1992; x_wconf 87' lang='lat' dir='ltr'><strong>(inseri</strong></span> <span class='ocrx_word' id='word_1_292' title='bbox 782 1941 925 1981; x_wconf 91' lang='lat' dir='ltr'><strong>autem</strong></span> <span class='ocrx_word' id='word_1_293' title='bbox 956 1937 1047 1981; x_wconf 82' lang='lat' dir='ltr'><strong>vult</strong></span> <span class='ocrx_word' id='word_1_294' title='bbox 1074 1937 1185 1980; x_wconf 90' lang='lat' dir='ltr'><strong>inter</strong></span> <span class='ocrx_word' id='word_1_295' title='bbox 1213 1937 1294 1980; x_wconf 85' lang='lat'><strong>417</strong></span> <span class='ocrx_word' id='word_1_296' title='bbox 1326 1941 1369 1980; x_wconf 90' lang='lat' dir='ltr'><strong>et</strong></span> <span class='ocrx_word' id='word_1_297' title='bbox 1399 1936 1517 1991; x_wconf 82' lang='lat'>418).</span> <span class='ocrx_word' id='word_1_298' title='bbox 1575 1936 1623 1981; x_wconf 84' lang='lat' dir='ltr'><strong>Si</strong></span> <span class='ocrx_word' id='word_1_299' title='bbox 1650 1942 1793 1981; x_wconf 87' lang='lat' dir='ltr'><strong>autem</strong></span> <span class='ocrx_word' id='word_1_300' title='bbox 1812 1937 2068 1992; x_wconf 89' lang='lat' dir='ltr'><strong>quaerimus,</strong></span> <span class='ocrx_word' id='word_1_301' title='bbox 2099 1951 2197 1981; x_wconf 90' lang='lat' dir='ltr'><strong>num</strong></span> <span class='ocrx_word' id='word_1_302' title='bbox 2219 1951 2368 1982; x_wconf 86' lang='lat' dir='ltr'><strong>versus</strong></span> <span class='ocrx_word' id='word_1_303' title='bbox 2388 1939 2471 1981; x_wconf 90' lang='grc'><strong>417</strong></span> <span class='ocrx_word' id='word_1_304' title='bbox 2490 1951 2554 1993; x_wconf 82' lang='lat' dir='ltr'><strong>sq.</strong></span> 
     </span>
     <span class='ocr_line' id='line_1_30' title="bbox 230 2005 2556 2068; baseline 0.001 -14"><span class='ocrx_word' id='word_1_305' title='bbox 230 2013 301 2068; x_wconf 86' lang='lat' dir='ltr'><strong>ita,</strong></span> <span class='ocrx_word' id='word_1_306' title='bbox 330 2016 376 2054; x_wconf 88' lang='lat' dir='ltr'><strong>ut</strong></span> <span class='ocrx_word' id='word_1_307' title='bbox 405 2011 448 2053; x_wconf 90' lang='lat' dir='ltr'><strong>in</strong></span> <span class='ocrx_word' id='word_1_308' title='bbox 479 2010 701 2055; x_wconf 89' lang='lat' dir='ltr'><strong>codicibus</strong></span> <span class='ocrx_word' id='word_1_309' title='bbox 730 2016 887 2067; x_wconf 82' lang='lat' dir='ltr'><strong>extant,</strong></span> <span class='ocrx_word' id='word_1_310' title='bbox 918 2023 1002 2053; x_wconf 92' lang='lat' dir='ltr'><strong>non</strong></span> <span class='ocrx_word' id='word_1_311' title='bbox 1032 2009 1140 2053; x_wconf 85' lang='lat' dir='ltr'><strong>bene</strong></span> <span class='ocrx_word' id='word_1_312' title='bbox 1170 2010 1368 2065; x_wconf 86' lang='lat' dir='ltr'><strong>habeant,</strong></span> <span class='ocrx_word' id='word_1_313' title='bbox 1409 2015 1483 2054; x_wconf 92' lang='lat' dir='ltr'><strong>aut</strong></span> <span class='ocrx_word' id='word_1_314' title='bbox 1511 2010 1675 2066; x_wconf 84' lang='lat' dir='ltr'><strong>aliquid</strong></span> <span class='ocrx_word' id='word_1_315' title='bbox 1704 2009 1762 2054; x_wconf 84' lang='lat' dir='ltr'><strong>ad</strong></span> <span class='ocrx_word' id='word_1_316' title='bbox 1791 2009 2047 2054; x_wconf 88' lang='lat' dir='ltr'><strong>sententiam</strong></span> <span class='ocrx_word' id='word_1_317' title='bbox 2075 2009 2350 2064; x_wconf 86' lang='lat' dir='ltr'><strong>disideretur,</strong></span> <span class='ocrx_word' id='word_1_318' title='bbox 2393 2005 2473 2055; x_wconf 87' lang='lat' dir='ltr'><strong>hoc</strong></span> <span class='ocrx_word' id='word_1_319' title='bbox 2502 2024 2556 2056; x_wconf 90' lang='lat' dir='ltr'><strong>ne</strong></span> 
     </span>
     <span class='ocr_line' id='line_1_31' title="bbox 227 2082 2555 2140; baseline 0 -13"><span class='ocrx_word' id='word_1_320' title='bbox 227 2085 489 2128; x_wconf 87' lang='lat' dir='ltr'><strong>Ribbeckius</strong></span> <span class='ocrx_word' id='word_1_321' title='bbox 525 2084 697 2140; x_wconf 91' lang='lat' dir='ltr'><strong>quidem</strong></span> <span class='ocrx_word' id='word_1_322' title='bbox 727 2084 1018 2128; x_wconf 89' lang='lat' dir='ltr'><strong>demonstrare</strong></span> <span class='ocrx_word' id='word_1_323' title='bbox 1048 2087 1224 2127; x_wconf 87' lang='lat' dir='ltr'><strong>conatus</strong></span> <span class='ocrx_word' id='word_1_324' title='bbox 1252 2087 1331 2127; x_wconf 89' lang='lat' dir='ltr'><strong>est.</strong></span> <span class='ocrx_word' id='word_1_325' title='bbox 1398 2084 1537 2140; x_wconf 86' lang='lat' dir='ltr'><strong>Atque</strong></span> <span class='ocrx_word' id='word_1_326' title='bbox 1567 2082 1710 2129; x_wconf 90' lang='lat' dir='ltr'><strong>omnia</strong></span> <span class='ocrx_word' id='word_1_327' title='bbox 1745 2094 1843 2128; x_wconf 86' lang='lat' dir='ltr'><strong>sese</strong></span> <span class='ocrx_word' id='word_1_328' title='bbox 1872 2083 1982 2128; x_wconf 90' lang='lat' dir='ltr'><strong>bene</strong></span> <span class='ocrx_word' id='word_1_329' title='bbox 2011 2082 2240 2140; x_wconf 88' lang='lat' dir='ltr'><strong>excipiunt.</strong></span> <span class='ocrx_word' id='word_1_330' title='bbox 2298 2082 2411 2129; x_wconf 92' lang='lat' dir='ltr'><strong>Dido</strong></span> <span class='ocrx_word' id='word_1_331' title='bbox 2442 2083 2555 2129; x_wconf 89' lang='lat' dir='ltr'><strong>enim</strong></span> 
     </span>
     <span class='ocr_line' id='line_1_32' title="bbox 213 2155 2387 2214; baseline -0.002 -9"><span class='ocrx_word' id='word_1_332' title='bbox 213 2159 283 2205; x_wconf 71' lang='lat' dir='ltr'><strong>ad</strong></span> <span class='ocrx_word' id='word_1_333' title='bbox 303 2160 472 2201; x_wconf 85' lang='lat' dir='ltr'><strong>Annam</strong></span> <span class='ocrx_word' id='word_1_334' title='bbox 502 2170 690 2202; x_wconf 86' lang='lat' dir='ltr'><strong>sororem</strong></span> <span class='ocrx_word' id='word_1_335' title='bbox 720 2158 854 2201; x_wconf 88' lang='lat' dir='ltr'><strong>verba</strong></span> <span class='ocrx_word' id='word_1_336' title='bbox 882 2157 1058 2211; x_wconf 86' lang='lat' dir='ltr'><strong>faciens,</strong></span> <span class='ocrx_word' id='word_1_337' title='bbox 1089 2168 1198 2212; x_wconf 88' lang='lat' dir='ltr'><strong>quae</strong></span> <span class='ocrx_word' id='word_1_338' title='bbox 1228 2155 1378 2212; x_wconf 89' lang='lat' dir='ltr'><strong>perfidi</strong></span> <span class='ocrx_word' id='word_1_339' title='bbox 1408 2156 1583 2201; x_wconf 88' lang='lat' dir='ltr'><strong>Troiani</strong></span> <span class='ocrx_word' id='word_1_340' title='bbox 1613 2156 1852 2212; x_wconf 83' lang='lat' dir='ltr'><strong>moliantur,</strong></span> <span class='ocrx_word' id='word_1_341' title='bbox 1881 2156 1919 2201; x_wconf 91' lang='lat' dir='ltr'><strong>ei</strong></span> <span class='ocrx_word' id='word_1_342' title='bbox 1950 2162 2049 2202; x_wconf 90' lang='lat' dir='ltr'><strong>ante</strong></span> <span class='ocrx_word' id='word_1_343' title='bbox 2079 2157 2223 2203; x_wconf 89' lang='lat' dir='ltr'><strong>oculos</strong></span> <span class='ocrx_word' id='word_1_344' title='bbox 2252 2157 2387 2214; x_wconf 89' lang='lat' dir='ltr'><strong>ponit:</strong></span> 
     </span>
    </p>

    <p class='ocr_par' dir='ltr' id='par_1_16' title="bbox 849 2229 2006 2435">
     <span class='ocr_line' id='line_1_33' title="bbox 849 2229 1875 2287; baseline 0.002 -14"><span class='ocrx_word' id='word_1_345' title='bbox 849 2232 986 2286; x_wconf 89' lang='lat' dir='ltr'><strong>Anna,</strong></span> <span class='ocrx_word' id='word_1_346' title='bbox 1015 2229 1137 2274; x_wconf 88' lang='lat' dir='ltr'><strong>vides</strong></span> <span class='ocrx_word' id='word_1_347' title='bbox 1167 2234 1255 2274; x_wconf 91' lang='lat' dir='ltr'><strong>toto</strong></span> <span class='ocrx_word' id='word_1_348' title='bbox 1284 2229 1502 2287; x_wconf 89' lang='lat' dir='ltr'><strong>properari</strong></span> <span class='ocrx_word' id='word_1_349' title='bbox 1533 2230 1675 2275; x_wconf 86' lang='lat' dir='ltr'><strong>litore:</strong></span> <span class='ocrx_word' id='word_1_350' title='bbox 1717 2230 1875 2275; x_wconf 88' lang='lat' dir='ltr'><strong>circum</strong></span> 
     </span>
     <span class='ocr_line' id='line_1_34' title="bbox 851 2303 2006 2361; baseline 0.001 -13"><span class='ocrx_word' id='word_1_351' title='bbox 851 2304 1038 2361; x_wconf 89' lang='lat' dir='ltr'><strong>undique</strong></span> <span class='ocrx_word' id='word_1_352' title='bbox 1067 2316 1328 2349; x_wconf 91' lang='lat' dir='ltr'><strong>convenere:</strong></span> <span class='ocrx_word' id='word_1_353' title='bbox 1366 2310 1491 2348; x_wconf 79' lang='lat' dir='ltr'><strong>vocat</strong></span> <span class='ocrx_word' id='word_1_354' title='bbox 1520 2303 1606 2348; x_wconf 92' lang='lat' dir='ltr'><strong>iam</strong></span> <span class='ocrx_word' id='word_1_355' title='bbox 1635 2304 1840 2349; x_wconf 85' lang='lat' dir='ltr'><strong>carbasus</strong></span> <span class='ocrx_word' id='word_1_356' title='bbox 1868 2317 2006 2360; x_wconf 88' lang='lat' dir='ltr'><strong>auras,</strong></span> 
     </span>
     <span class='ocr_line' id='line_1_35' title="bbox 850 2378 1942 2435; baseline 0.002 -14"><span class='ocrx_word' id='word_1_357' title='bbox 850 2378 1065 2435; x_wconf 89' lang='lat' dir='ltr'><strong>puppibus</strong></span> <span class='ocrx_word' id='word_1_358' title='bbox 1093 2382 1135 2421; x_wconf 90' lang='lat' dir='ltr'><strong>et</strong></span> <span class='ocrx_word' id='word_1_359' title='bbox 1164 2378 1264 2422; x_wconf 87' lang='lat' dir='ltr'><strong>laeti</strong></span> <span class='ocrx_word' id='word_1_360' title='bbox 1295 2383 1450 2422; x_wconf 90' lang='lat' dir='ltr'><strong>nautae</strong></span> <span class='ocrx_word' id='word_1_361' title='bbox 1480 2378 1719 2435; x_wconf 87' lang='lat' dir='ltr'><strong>imposuere</strong></span> <span class='ocrx_word' id='word_1_362' title='bbox 1749 2391 1942 2423; x_wconf 85' lang='lat' dir='ltr'><strong>coronas.</strong></span> 
     </span>
    </p>

    <p class='ocr_par' dir='ltr' id='par_1_17' title="bbox 180 2449 2557 3248">
     <span class='ocr_line' id='line_1_36' title="bbox 400 2449 2557 2509; baseline -0.001 -12"><span class='ocrx_word' id='word_1_363' title='bbox 400 2452 621 2508; x_wconf 85' lang='lat' dir='ltr'><strong>Sequitur:</strong></span> <span class='ocrx_word' id='word_1_364' title='bbox 658 2450 783 2496; x_wconf 83' lang='lat' dir='ltr'><strong>‘hunc</strong></span> <span class='ocrx_word' id='word_1_365' title='bbox 832 2464 916 2508; x_wconf 87' lang='lat' dir='ltr'><strong>ego</strong></span> <span class='ocrx_word' id='word_1_366' title='bbox 961 2453 997 2496; x_wconf 85' lang='lat' dir='ltr'><strong>si</strong></span> <span class='ocrx_word' id='word_1_367' title='bbox 1048 2453 1166 2509; x_wconf 90' lang='lat' dir='ltr'><strong>potui</strong></span> <span class='ocrx_word' id='word_1_368' title='bbox 1214 2457 1375 2497; x_wconf 86' lang='lat' dir='ltr'><strong>tantum</strong></span> <span class='ocrx_word' id='word_1_369' title='bbox 1423 2464 1598 2508; x_wconf 90' lang='lat' dir='ltr'><strong>sperare</strong></span> <span class='ocrx_word' id='word_1_370' title='bbox 1636 2452 1841 2507; x_wconf 89' lang='lat' dir='ltr'><strong>dolorem,</strong></span> <span class='ocrx_word' id='word_1_371' title='bbox 1890 2457 1936 2496; x_wconf 91' lang='lat' dir='ltr'><strong>ut</strong></span> <span class='ocrx_word' id='word_1_372' title='bbox 1973 2451 2209 2496; x_wconf 85' lang='lat' dir='ltr'><strong>sententiae</strong></span> <span class='ocrx_word' id='word_1_373' title='bbox 2247 2449 2557 2506; x_wconf 87' lang='lat' dir='ltr'><strong>coniungantur</strong></span> 
     </span>
     <span class='ocr_line' id='line_1_37' title="bbox 231 2524 2555 2583; baseline -0.001 -13"><span class='ocrx_word' id='word_1_374' title='bbox 231 2527 481 2583; x_wconf 89' lang='lat' dir='ltr'><strong>pronomine</strong></span> <span class='ocrx_word' id='word_1_375' title='bbox 518 2527 704 2582; x_wconf 86' lang='lat' dir='ltr'><strong>„hunc“;</strong></span> <span class='ocrx_word' id='word_1_376' title='bbox 754 2526 1006 2582; x_wconf 83' lang='lat' dir='ltr'><strong>intelligitur</strong></span> <span class='ocrx_word' id='word_1_377' title='bbox 1044 2532 1187 2570; x_wconf 87' lang='lat' dir='ltr'><strong>autem</strong></span> <span class='ocrx_word' id='word_1_378' title='bbox 1224 2526 1372 2582; x_wconf 86' lang='lat' dir='ltr'><strong>„dolor</strong></span> <span class='ocrx_word' id='word_1_379' title='bbox 1409 2526 1558 2570; x_wconf 88' lang='lat' dir='ltr'><strong>harum</strong></span> <span class='ocrx_word' id='word_1_380' title='bbox 1598 2540 1705 2582; x_wconf 89' lang='lat' dir='ltr'><strong>quas</strong></span> <span class='ocrx_word' id='word_1_381' title='bbox 1740 2526 1867 2570; x_wconf 92' lang='lat' dir='ltr'><strong>modo</strong></span> <span class='ocrx_word' id='word_1_382' title='bbox 1897 2526 1975 2570; x_wconf 89' lang='lat' dir='ltr'><strong>tibi</strong></span> <span class='ocrx_word' id='word_1_383' title='bbox 2003 2525 2204 2582; x_wconf 88' lang='lat' dir='ltr'><strong>proposui</strong></span> <span class='ocrx_word' id='word_1_384' title='bbox 2234 2525 2418 2579; x_wconf 82' lang='lat' dir='ltr'><strong>rerum“,</strong></span> <span class='ocrx_word' id='word_1_385' title='bbox 2459 2524 2486 2568; x_wconf 92' lang='lat' dir='ltr'><strong>i.</strong></span> <span class='ocrx_word' id='word_1_386' title='bbox 2516 2537 2555 2568; x_wconf 90' lang='lat' dir='ltr'><strong>e.</strong></span> 
     </span>
     <span class='ocr_line' id='line_1_38' title="bbox 228 2598 2555 2657; baseline 0.001 -13"><span class='ocrx_word' id='word_1_387' title='bbox 228 2600 447 2657; x_wconf 71' lang='lat' dir='ltr'><strong>discessus</strong></span> <span class='ocrx_word' id='word_1_388' title='bbox 486 2601 674 2643; x_wconf 88' lang='lat' dir='ltr'><strong>Aeneae.</strong></span> <span class='ocrx_word' id='word_1_389' title='bbox 742 2599 825 2643; x_wconf 91' lang='lat' dir='ltr'><strong>Ubi</strong></span> <span class='ocrx_word' id='word_1_390' title='bbox 857 2599 970 2655; x_wconf 92' lang='lat' dir='ltr'><strong>quid,</strong></span> <span class='ocrx_word' id='word_1_391' title='bbox 1011 2612 1182 2655; x_wconf 87' lang='lat' dir='ltr'><strong>quaeso,</strong></span> <span class='ocrx_word' id='word_1_392' title='bbox 1211 2599 1366 2644; x_wconf 84' lang='lat' dir='ltr'><strong>deest?</strong></span> <span class='ocrx_word' id='word_1_393' title='bbox 1403 2600 1663 2646; x_wconf 85' lang='lat' dir='ltr'><strong>Ribbeckius</strong></span> <span class='ocrx_word' id='word_1_394' title='bbox 1690 2599 1885 2656; x_wconf 90' lang='lat' dir='ltr'><strong>quidem:</strong></span> <span class='ocrx_word' id='word_1_395' title='bbox 1922 2600 2085 2655; x_wconf 84' lang='lat' dir='ltr'><strong>„Atque</strong></span> <span class='ocrx_word' id='word_1_396' title='bbox 2115 2598 2219 2653; x_wconf 85' lang='lat' dir='ltr'><strong>hic“,</strong></span> <span class='ocrx_word' id='word_1_397' title='bbox 2256 2598 2408 2654; x_wconf 87' lang='lat' dir='ltr'><strong>inquit,</strong></span> <span class='ocrx_word' id='word_1_398' title='bbox 2445 2612 2555 2655; x_wconf 71' lang='lat' dir='ltr'><strong>„quo</strong></span> 
     </span>
     <span class='ocr_line' id='line_1_39' title="bbox 228 2670 2554 2730; baseline 0 -14"><span class='ocrx_word' id='word_1_399' title='bbox 228 2673 398 2717; x_wconf 89' lang='lat' dir='ltr'><strong>facilius</strong></span> <span class='ocrx_word' id='word_1_400' title='bbox 428 2673 681 2717; x_wconf 86' lang='lat' dir='ltr'><strong>beneficium</strong></span> <span class='ocrx_word' id='word_1_401' title='bbox 712 2673 828 2729; x_wconf 90' lang='lat' dir='ltr'><strong>illud,</strong></span> <span class='ocrx_word' id='word_1_402' title='bbox 856 2673 1025 2717; x_wconf 90' lang='lat' dir='ltr'><strong>unicam</strong></span> <span class='ocrx_word' id='word_1_403' title='bbox 1056 2685 1175 2729; x_wconf 91' lang='lat' dir='ltr'><strong>spem</strong></span> <span class='ocrx_word' id='word_1_404' title='bbox 1206 2686 1327 2717; x_wconf 90' lang='lat' dir='ltr'><strong>suam</strong></span> <span class='ocrx_word' id='word_1_405' title='bbox 1358 2675 1545 2729; x_wconf 90' lang='lat' dir='ltr'><strong>(Annam</strong></span> <span class='ocrx_word' id='word_1_406' title='bbox 1576 2673 1689 2718; x_wconf 89' lang='lat' dir='ltr'><strong>enim</strong></span> <span class='ocrx_word' id='word_1_407' title='bbox 1717 2673 1831 2718; x_wconf 92' lang='lat' dir='ltr'><strong>Dido</strong></span> <span class='ocrx_word' id='word_1_408' title='bbox 1859 2673 2060 2730; x_wconf 89' lang='lat' dir='ltr'><strong>precibus</strong></span> <span class='ocrx_word' id='word_1_409' title='bbox 2087 2671 2177 2716; x_wconf 85' lang='lat' dir='ltr'><strong>vult</strong></span> <span class='ocrx_word' id='word_1_410' title='bbox 2204 2670 2323 2716; x_wconf 87' lang='lat' dir='ltr'><strong>adire</strong></span> <span class='ocrx_word' id='word_1_411' title='bbox 2342 2672 2554 2727; x_wconf 86' lang='lat' dir='ltr'><strong>Aeneam)</strong></span> 
     </span>
     <span class='ocr_line' id='line_1_40' title="bbox 227 2745 2556 2804; baseline -0.001 -12"><span class='ocrx_word' id='word_1_412' title='bbox 227 2749 475 2804; x_wconf 86' lang='lat' dir='ltr'><strong>impetraret</strong></span> <span class='ocrx_word' id='word_1_413' title='bbox 481 2781 493 2804; x_wconf 89' lang='lat'><strong>,</strong></span> <span class='ocrx_word' id='word_1_414' title='bbox 533 2747 748 2792; x_wconf 85' lang='lat' dir='ltr'><strong>criminari</strong></span> <span class='ocrx_word' id='word_1_415' title='bbox 789 2747 983 2802; x_wconf 87' lang='lat' dir='ltr'><strong>quamvis</strong></span> <span class='ocrx_word' id='word_1_416' title='bbox 1022 2747 1171 2790; x_wconf 91' lang='lat' dir='ltr'><strong>leviter</strong></span> <span class='ocrx_word' id='word_1_417' title='bbox 1210 2761 1399 2792; x_wconf 89' lang='lat' dir='ltr'><strong>sororem</strong></span> <span class='ocrx_word' id='word_1_418' title='bbox 1428 2753 1615 2804; x_wconf 87' lang='lat' dir='ltr'><strong>poterat,</strong></span> <span class='ocrx_word' id='word_1_419' title='bbox 1661 2748 1775 2804; x_wconf 87' lang='lat' dir='ltr'><strong>quod</strong></span> <span class='ocrx_word' id='word_1_420' title='bbox 1804 2748 1892 2792; x_wconf 90' lang='lat' dir='ltr'><strong>suis</strong></span> <span class='ocrx_word' id='word_1_421' title='bbox 1921 2747 2145 2791; x_wconf 87' lang='lat' dir='ltr'><strong>verborum</strong></span> <span class='ocrx_word' id='word_1_422' title='bbox 2173 2745 2399 2790; x_wconf 84' lang='lat' dir='ltr'><strong>inlecebris</strong></span> <span class='ocrx_word' id='word_1_423' title='bbox 2427 2745 2556 2789; x_wconf 89' lang='lat' dir='ltr'><strong>tantis</strong></span> 
     </span>
     <span class='ocr_line' id='line_1_41' title="bbox 228 2819 2556 2877; baseline -0.001 -12"><span class='ocrx_word' id='word_1_424' title='bbox 228 2823 365 2865; x_wconf 91' lang='lat' dir='ltr'><strong>turbis</strong></span> <span class='ocrx_word' id='word_1_425' title='bbox 403 2835 450 2866; x_wconf 88' lang='lat' dir='ltr'><strong>se</strong></span> <span class='ocrx_word' id='word_1_426' title='bbox 491 2822 737 2865; x_wconf 86' lang='lat' dir='ltr'><strong>obiecisset:</strong></span> <span class='ocrx_word' id='word_1_427' title='bbox 785 2826 830 2864; x_wconf 90' lang='lat' dir='ltr'><strong>tu</strong></span> <span class='ocrx_word' id='word_1_428' title='bbox 868 2820 1058 2865; x_wconf 89' lang='lat' dir='ltr'><strong>lacrimis</strong></span> <span class='ocrx_word' id='word_1_429' title='bbox 1096 2822 1205 2864; x_wconf 83' lang='lat' dir='ltr'><strong>etc.“</strong></span> <span class='ocrx_word' id='word_1_430' title='bbox 1267 2821 1440 2866; x_wconf 88' lang='lat' dir='ltr'><strong>Poterat</strong></span> <span class='ocrx_word' id='word_1_431' title='bbox 1477 2834 1603 2877; x_wconf 82' lang='lat' dir='ltr'><strong>sane3</strong></span> <span class='ocrx_word' id='word_1_432' title='bbox 1650 2821 1727 2865; x_wconf 86' lang='lat' dir='ltr'><strong>sed</strong></span> <span class='ocrx_word' id='word_1_433' title='bbox 1763 2834 1817 2865; x_wconf 89' lang='lat' dir='ltr'><strong>ea</strong></span> <span class='ocrx_word' id='word_1_434' title='bbox 1846 2820 1914 2864; x_wconf 86' lang='lat' dir='ltr'><strong>hic</strong></span> <span class='ocrx_word' id='word_1_435' title='bbox 1943 2819 2101 2877; x_wconf 90' lang='lat' dir='ltr'><strong>apponi</strong></span> <span class='ocrx_word' id='word_1_436' title='bbox 2131 2831 2308 2864; x_wconf 89' lang='lat' dir='ltr'><strong>necesse</strong></span> <span class='ocrx_word' id='word_1_437' title='bbox 2336 2831 2422 2863; x_wconf 90' lang='lat' dir='ltr'><strong>non</strong></span> <span class='ocrx_word' id='word_1_438' title='bbox 2451 2823 2556 2863; x_wconf 84' lang='lat' dir='ltr'><strong>erat.</strong></span> 
     </span>
     <span class='ocr_line' id='line_1_42' title="bbox 227 2892 2557 2952; baseline -0.001 -12"><span class='ocrx_word' id='word_1_439' title='bbox 227 2897 340 2940; x_wconf 88' lang='lat' dir='ltr'><strong>Nam</strong></span> <span class='ocrx_word' id='word_1_440' title='bbox 370 2910 446 2939; x_wconf 89' lang='lat' dir='ltr'><strong>cur</strong></span> <span class='ocrx_word' id='word_1_441' title='bbox 475 2909 665 2940; x_wconf 86' lang='lat' dir='ltr'><strong>sororem</strong></span> <span class='ocrx_word' id='word_1_442' title='bbox 688 2895 960 2952; x_wconf 81' lang='lat' dir='ltr'><strong>potissimum</strong></span> <span class='ocrx_word' id='word_1_443' title='bbox 991 2895 1172 2939; x_wconf 85' lang='lat' dir='ltr'><strong>nunciac</strong></span> <span class='ocrx_word' id='word_1_444' title='bbox 1200 2908 1352 2940; x_wconf 87' lang='lat' dir='ltr'><strong>munus</strong></span> <span class='ocrx_word' id='word_1_445' title='bbox 1381 2895 1597 2951; x_wconf 86' lang='lat' dir='ltr'><strong>suscipere</strong></span> <span class='ocrx_word' id='word_1_446' title='bbox 1627 2907 1811 2950; x_wconf 90' lang='lat' dir='ltr'><strong>aequum</strong></span> <span class='ocrx_word' id='word_1_447' title='bbox 1841 2898 2037 2949; x_wconf 89' lang='lat' dir='ltr'><strong>censeat,</strong></span> <span class='ocrx_word' id='word_1_448' title='bbox 2077 2893 2186 2938; x_wconf 90' lang='lat' dir='ltr'><strong>hanc</strong></span> <span class='ocrx_word' id='word_1_449' title='bbox 2225 2905 2398 2937; x_wconf 88' lang='lat' dir='ltr'><strong>causam</strong></span> <span class='ocrx_word' id='word_1_450' title='bbox 2433 2892 2557 2939; x_wconf 81' lang='lat' dir='ltr'><strong>affert</strong></span> 
     </span>
     <span class='ocr_line' id='line_1_43' title="bbox 180 2966 2554 3025; baseline -0.001 -12"><span class='ocrx_word' id='word_1_451' title='bbox 180 2982 182 2984; x_wconf 85' lang='lat'>·</span> <span class='ocrx_word' id='word_1_452' title='bbox 230 2984 290 3014; x_wconf 92' lang='lat' dir='ltr'><strong>vs.</strong></span> <span class='ocrx_word' id='word_1_453' title='bbox 322 2971 425 3014; x_wconf 84' lang='lat'>421:</span> <span class='ocrx_word' id='word_1_454' title='bbox 474 2972 610 3014; x_wconf 90' lang='lat' dir='ltr'><strong>solam</strong></span> <span class='ocrx_word' id='word_1_455' title='bbox 638 2984 736 3014; x_wconf 88' lang='lat' dir='ltr'><strong>nam</strong></span> <span class='ocrx_word' id='word_1_456' title='bbox 767 2969 953 3025; x_wconf 86' lang='lat' dir='ltr'><strong>perfidus</strong></span> <span class='ocrx_word' id='word_1_457' title='bbox 983 2971 1053 3014; x_wconf 90' lang='lat' dir='ltr'><strong>ille</strong></span> <span class='ocrx_word' id='word_1_458' title='bbox 1083 2976 1125 3014; x_wconf 91' lang='lat' dir='ltr'><strong>te</strong></span> <span class='ocrx_word' id='word_1_459' title='bbox 1155 2970 1294 3014; x_wconf 90' lang='lat' dir='ltr'><strong>colere</strong></span> <span class='ocrx_word' id='word_1_460' title='bbox 1325 2975 1405 3013; x_wconf 89' lang='lat' dir='ltr'><strong>etc.</strong></span> <span class='ocrx_word' id='word_1_461' title='bbox 1462 2968 1661 3023; x_wconf 89' lang='lat' dir='ltr'><strong>Accedit,</strong></span> <span class='ocrx_word' id='word_1_462' title='bbox 1698 2968 1813 3023; x_wconf 91' lang='lat' dir='ltr'><strong>quod</strong></span> <span class='ocrx_word' id='word_1_463' title='bbox 1841 2968 2012 3011; x_wconf 80' lang='lat' dir='ltr'><strong>insertis</strong></span> <span class='ocrx_word' id='word_1_464' title='bbox 2043 2967 2236 3011; x_wconf 89' lang='lat' dir='ltr'><strong>versibus</strong></span> <span class='ocrx_word' id='word_1_465' title='bbox 2266 2966 2349 3010; x_wconf 86' lang='lat' dir='ltr'><strong>illis</strong></span> <span class='ocrx_word' id='word_1_466' title='bbox 2379 2966 2464 3010; x_wconf 88' lang='grc'><strong>548</strong></span> <span class='ocrx_word' id='word_1_467' title='bbox 2489 2980 2554 3022; x_wconf 79' lang='lat' dir='ltr'><strong>sq.</strong></span> 
     </span>
     <span class='ocr_line' id='line_1_44' title="bbox 228 3039 2555 3100; baseline -0.001 -15"><span class='ocrx_word' id='word_1_468' title='bbox 228 3043 339 3086; x_wconf 91' lang='lat' dir='ltr'><strong>inter</strong></span> <span class='ocrx_word' id='word_1_469' title='bbox 368 3044 450 3086; x_wconf 87' lang='lat'><strong>417</strong></span> <span class='ocrx_word' id='word_1_470' title='bbox 483 3049 524 3087; x_wconf 86' lang='lat' dir='ltr'><strong>et</strong></span> <span class='ocrx_word' id='word_1_471' title='bbox 553 3045 636 3087; x_wconf 89' lang='grc'><strong>418</strong></span> <span class='ocrx_word' id='word_1_472' title='bbox 665 3045 797 3087; x_wconf 91' lang='lat' dir='ltr'><strong>verba</strong></span> <span class='ocrx_word' id='word_1_473' title='bbox 824 3044 962 3098; x_wconf 85' lang='lat' dir='ltr'><strong>„hune</strong></span> <span class='ocrx_word' id='word_1_474' title='bbox 992 3057 1072 3099; x_wconf 89' lang='lat' dir='ltr'><strong>epo</strong></span> <span class='ocrx_word' id='word_1_475' title='bbox 1102 3064 1159 3070; x_wconf 84' lang='lat'><strong>—</strong></span> <span class='ocrx_word' id='word_1_476' title='bbox 1187 3045 1361 3100; x_wconf 84' lang='lat' dir='ltr'><strong>potero“</strong></span> <span class='ocrx_word' id='word_1_477' title='bbox 1401 3056 1481 3086; x_wconf 89' lang='lat' dir='ltr'><strong>non</strong></span> <span class='ocrx_word' id='word_1_478' title='bbox 1523 3043 1628 3085; x_wconf 91' lang='lat' dir='ltr'><strong>satis</strong></span> <span class='ocrx_word' id='word_1_479' title='bbox 1667 3047 1765 3097; x_wconf 90' lang='lat' dir='ltr'><strong>apte</strong></span> <span class='ocrx_word' id='word_1_480' title='bbox 1805 3041 2138 3098; x_wconf 90' lang='lat' dir='ltr'><strong>interponuntur.</strong></span> <span class='ocrx_word' id='word_1_481' title='bbox 2205 3040 2252 3084; x_wconf 88' lang='lat' dir='ltr'><strong>Si</strong></span> <span class='ocrx_word' id='word_1_482' title='bbox 2291 3039 2404 3083; x_wconf 91' lang='lat' dir='ltr'><strong>enim</strong></span> <span class='ocrx_word' id='word_1_483' title='bbox 2432 3051 2555 3096; x_wconf 89' lang='lat' dir='ltr'><strong>prae-</strong></span> 
     </span>
     <span class='ocr_line' id='line_1_45' title="bbox 228 3107 2553 3174; baseline -0.002 -14"><span class='ocrx_word' id='word_1_484' title='bbox 228 3116 386 3160; x_wconf 89' lang='lat' dir='ltr'><strong>cedant</strong></span> <span class='ocrx_word' id='word_1_485' title='bbox 422 3123 494 3172; x_wconf 90' lang='lat' dir='ltr'><strong>„tu</strong></span> <span class='ocrx_word' id='word_1_486' title='bbox 532 3118 745 3162; x_wconf 89' lang='lat' dir='ltr'><strong>lacrimis“</strong></span> <span class='ocrx_word' id='word_1_487' title='bbox 784 3124 877 3173; x_wconf 67' lang='lat' dir='ltr'><strong>etc„</strong></span> <span class='ocrx_word' id='word_1_488' title='bbox 918 3123 1213 3174; x_wconf 86' lang='lat' dir='ltr'><strong>expectamus,</strong></span> <span class='ocrx_word' id='word_1_489' title='bbox 1255 3125 1300 3160; x_wconf 90' lang='lat' dir='ltr'><strong>ut</strong></span> <span class='ocrx_word' id='word_1_490' title='bbox 1331 3107 1442 3161; x_wconf 88' lang='lat' dir='ltr'><strong>hunc</strong></span> <span class='ocrx_word' id='word_1_491' title='bbox 1473 3117 1517 3160; x_wconf 91' lang='lat' dir='ltr'><strong>in</strong></span> <span class='ocrx_word' id='word_1_492' title='bbox 1547 3115 1717 3160; x_wconf 91' lang='lat' dir='ltr'><strong>modum</strong></span> <span class='ocrx_word' id='word_1_493' title='bbox 1748 3120 1973 3171; x_wconf 83' lang='lat' dir='ltr'><strong>pergatur:</strong></span> <span class='ocrx_word' id='word_1_494' title='bbox 2014 3119 2061 3157; x_wconf 93' lang='lat' dir='ltr'><strong>tu</strong></span> <span class='ocrx_word' id='word_1_495' title='bbox 2089 3118 2246 3157; x_wconf 85' lang='lat' dir='ltr'><strong>sanare</strong></span> <span class='ocrx_word' id='word_1_496' title='bbox 2273 3117 2397 3169; x_wconf 88' lang='lat' dir='ltr'><strong>potes</strong></span> <span class='ocrx_word' id='word_1_497' title='bbox 2426 3112 2553 3156; x_wconf 86' lang='lat' dir='ltr'><strong>mala.</strong></span> 
     </span>
     <span class='ocr_line' id='line_1_46' title="bbox 228 3185 2553 3248; baseline -0.002 -14"><span class='ocrx_word' id='word_1_498' title='bbox 228 3195 274 3234; x_wconf 91' lang='lat' dir='ltr'><strong>tu</strong></span> <span class='ocrx_word' id='word_1_499' title='bbox 314 3191 395 3236; x_wconf 93' lang='lat' dir='ltr'><strong>hoc</strong></span> <span class='ocrx_word' id='word_1_500' title='bbox 435 3192 619 3237; x_wconf 89' lang='lat' dir='ltr'><strong>miserae</strong></span> <span class='ocrx_word' id='word_1_501' title='bbox 655 3206 785 3237; x_wconf 92' lang='lat' dir='ltr'><strong>unum</strong></span> <span class='ocrx_word' id='word_1_502' title='bbox 824 3204 1059 3248; x_wconf 85' lang='lat' dir='ltr'><strong>exsequere</strong></span> <span class='ocrx_word' id='word_1_503' title='bbox 1090 3196 1170 3236; x_wconf 90' lang='lat' dir='ltr'><strong>etc.</strong></span> <span class='ocrx_word' id='word_1_504' title='bbox 1237 3191 1379 3244; x_wconf 85' lang='lat' dir='ltr'><strong>Quare</strong></span> <span class='ocrx_word' id='word_1_505' title='bbox 1409 3190 1668 3235; x_wconf 79' lang='lat' dir='ltr'><strong>Ribbeekius</strong></span> <span class='ocrx_word' id='word_1_506' title='bbox 1697 3190 1791 3247; x_wconf 86' lang='lat' dir='ltr'><strong>ipse</strong></span> <span class='ocrx_word' id='word_1_507' title='bbox 1820 3190 1866 3233; x_wconf 90' lang='lat' dir='ltr'><strong>in</strong></span> <span class='ocrx_word' id='word_1_508' title='bbox 1894 3188 2082 3233; x_wconf 90' lang='lat' dir='ltr'><strong>editione</strong></span> <span class='ocrx_word' id='word_1_509' title='bbox 2111 3201 2195 3231; x_wconf 90' lang='lat' dir='ltr'><strong>non</strong></span> <span class='ocrx_word' id='word_1_510' title='bbox 2223 3187 2310 3230; x_wconf 90' lang='lat' dir='ltr'><strong>iam</strong></span> <span class='ocrx_word' id='word_1_511' title='bbox 2339 3186 2444 3231; x_wconf 77' lang='lat' dir='ltr'><strong>satis</strong></span> <span class='ocrx_word' id='word_1_512' title='bbox 2472 3185 2553 3230; x_wconf 84' lang='lat' dir='ltr'><strong>sibi</strong></span> 
     </span>
    </p>
   </div>
   <div class='ocr_carea' id='block_1_14' title="bbox 2344 3549 2824 3778">
    <p class='ocr_par' dir='ltr' id='par_1_18' title="bbox 2344 3549 2824 3778">
     <span class='ocr_line' id='line_1_47' title="bbox 2344 3549 2824 3778; baseline 0 0"><span class='ocrx_word' id='word_1_513' title='bbox 2344 3549 2824 3778; x_wconf 95' lang='lat' dir='ltr'><strong> </strong></span> 
     </span>
    </p>
   </div>
  </div>
 </body>
</html>
