2824 3778
968 288 970 290 ·
1163 270 1226 291 -
1241 242 1344 308 aut·
1352 246 1404 308 si
1399 241 1693 315 ffls-ss-ffiosffi
1695 272 1726 282 ··
1748 272 1756 307 ²-
1780 251 1882 293 ³³*

715 289 865 420 pulsus
890 328 1013 382 amor
1036 334 1165 394 (iuris
1191 333 1373 396 materni
1400 347 1506 381 cura
1531 316 1767 394 remordet)

406 498 495 544 Sed
529 510 626 544 cum
664 499 798 544 verba
823 498 1051 557 desumpta
1078 499 1164 544 sint
1191 511 1247 543 ex
1275 498 1328 543 G.
1357 498 1428 556 1v,
1457 484 1553 557 324,
1581 496 1872 544 scribendum:
1908 503 1983 544 aut
2010 512 2112 557 quo
2138 500 2226 545 tibi
2245 498 2380 550 uentu
2489 557 2504 567 ..

238 571 391 619 amor?
430 571 484 618 cf.
512 572 617 630 224,
654 572 726 618 ubi
765 572 868 619 item
905 573 999 631 qui
1037 573 1083 619 in
1119 573 1251 620 Salm.
1287 586 1364 631 pro
1394 586 1505 631 quo.
1561 572 1680 631 „Si“
1708 572 1823 632 quod
1851 576 1990 623 exstat
2017 572 2133 636 apud
2158 554 2439 633 vergnoi-15
2473 564 2551 639 J:

240 646 325 692 402
353 658 453 691 ιιιιιιι
481 625 666 692 retinere
692 646 839 704 liceat,
882 645 1038 694 dubius
1065 660 1173 694 sum.
2529 644 2548 670 ’ξ

408 718 480 764 Vs.
516 720 599 764 395
648 720 915 766 Burmannus
958 725 1075 766 recte
1125 725 1176 766 et
1209 720 1409 777 inseruit3
1458 734 1520 766 vs.
1558 725 1702 766 autem
1743 721 1827 765 442
1865 721 2008 768 deleta
2035 704 2252 782 particula
2286 726 2341 767 et
2349 721 2701 789 metrum

239 792 487 839 restituitur.
816 833 843 859 ο
2480 829 2483 832 ·
2607 797 2616 804 ”
2680 857 2694 861 ..

405 880 467 912 vs.
506 867 591 911 412
625 879 850 924 „munera3
898 868 1118 930 ingentem
1155 869 1316 913 luctum
1355 873 1437 912 etc.
1441 870 1465 891 “
1526 868 1669 913 Bul-m.
1700 868 1810 913 inter
1844 871 2073 926 „munera“
2099 874 2144 915 et
2168 853 2437 929 „ingentemss
2461 840 2559 941 »αξξ
2613 865 2617 869 ’

239 940 342 985 addi
381 941 483 985 vult.
549 939 637 992 Sed
677 945 804 998 poeta
837 941 1007 986 videtur
1034 942 1111 986 tali
1140 942 1260 987 hiatu
1288 955 1370 986 non
1400 940 1672 987 abstinuisse.
1730 940 1794 986 cf.
1826 955 1885 987 vs.
1915 943 1993 988 87.
2030 941 2160 1002 „quid
2188 957 2342 990 causas
2369 943 2482 1015 petis
2510 944 2570 999 in>
2599 926 2615 974 ’-
2660 938 2683 998 ’,-

239 1027 309 1059 me
338 1014 600 1071 exitiumque
630 1025 818 1058 meorum
830 1015 922 1058 “‘?
1705 1034 1713 1041 ·
2643 1006 2655 1013 ”

407 1088 482 1132 Vs.
519 1087 614 1132 428.
652 1101 758 1143 „nec
798 1088 911 1132 vires
947 1088 1210 1133 herbarum“.
1278 1089 1343 1132 Ex
1383 1089 1491 1133 Aen.
1530 1088 1579 1143 V,
1615 1088 1699 1132 684
1731 1087 1957 1144 „heroum“
1983 1089 2255 1136 scribendum
2284 1103 2380 1137 esse
2408 1092 2575 1137 Burma‘
2623 1082 2636 1090 ’

239 1159 462 1206 intellexit.
1908 1160 1910 1163 ’
2124 1159 2137 1170 “

407 1233 479 1279 Vs.
509 1233 592 1320 443
621 1233 665 1278 in
693 1232 823 1279 Salm.
853 1248 937 1281 non
967 1233 1091 1279 aliter
1119 1247 1246 1291 quam
1276 1234 1381 1280 Aen.
1411 1234 1504 1292 VII,
1534 1233 1616 1280 557
1646 1233 1820 1292 legitur:

716 1312 782 1365 „te
812 1320 940 1366 super
968 1308 1182 1354 aetherias
1210 1321 1353 1355 errare
1380 1309 1576 1355 licentius
1604 1321 1742 1355 auras.
1746 1310 1769 1331 “

408 1379 492 1425 Ubi
532 1392 659 1438 quum
701 1381 968 1427 Burmannus
1005 1394 1083 1427 me
1121 1383 1406 1440 proposuerit,
1446 1376 1669 1441 probatum
1706 1382 1810 1428 illud
1836 1383 2030 1440 Meyero,
2067 1383 2212 1430 nescio
2247 1396 2303 1429 an
2331 1385 2463 1430 verba
2491 1385 2555 1431 sic‘

240 1454 457 1512 explicare
486 1454 634 1499 liceat:

409 1540 562 1573 saevus
591 1542 711 1573 amor
739 1529 884 1574 docuit
912 1533 1090 1572 matrem
1206 1542 1335 1586 super
1362 1534 1405 1574 te
1435 1543 1576 1574 errare
1605 1543 1732 1574 auras
1762 1530 1834 1588 (cf.
1865 1529 1971 1574 Aen.
2001 1530 2079 1586 III,
2107 1531 2211 1574 690:
2241 1537 2380 1576 errata
2402 1532 2554 1587 litera)
2596 1569 2599 1572 ,

411 1602 606 1658 Denique
644 1607 836 1647 extremo
875 1601 1062 1646 carmine
1101 1615 1183 1646 non
1225 1604 1368 1647 omnia
1403 1608 1518 1647 recte
1555 1596 1789 1659 habereut
1817 1604 2102 1661 suspicemur,
2141 1602 2300 1648 faciunt
2329 1605 2460 1649 verba
2487 1605 2557 1649 bis

239 1677 399 1736 posita:
436 1680 564 1733 „opta
591 1676 728 1720 ardua
755 1676 897 1734 pinnis
928 1680 1044 1720 astra
1073 1677 1230 1732 sequi“.
1289 1677 1376 1721 Sed
1405 1677 1473 1720 hic
1504 1690 1671 1734 quoque
1700 1677 1802 1734 quid
1831 1676 2101 1721 scribendum
2132 1678 2186 1721 sit
2215 1692 2338 1735 quam
2369 1679 2556 1723 maxime

238 1751 414 1795 dubium
453 1763 536 1793 non
574 1763 671 1795 esse
711 1763 794 1793 non
834 1754 985 1806 potest.
1055 1750 1140 1807 (De
1179 1751 1276 1794 aliis
1312 1751 1523 1794 nonnullis
1552 1751 1677 1805 locis,
1717 1751 1867 1807 quibus
1895 1752 2099 1795 lectiones
2127 1738 2250 1795 huius
2280 1753 2470 1795 centonis
2499 1765 2553 1796 ex

236 1824 402 1880 Vergili
432 1824 652 1868 codicibus
683 1822 976 1866 emendandae
1007 1823 1249 1879 videantur,
1292 1823 1403 1866 iufra
1432 1824 1614 1880 agetur.)
1995 1821 2015 1839 ⁹
2218 1820 2220 1822 ’

406 1899 639 1953 Postquam
679 1897 744 1940 his
782 1896 896 1939 vitiis
924 1897 1090 1941 Hosidii
1124 1898 1254 1940 verba
1281 1898 1463 1940 liberare
1493 1899 1631 1941 conati
1662 1887 1829 1953 sumus,
1865 1898 1952 1940 iam
1980 1898 2234 1952 videndum,
2265 1900 2388 1954 quale
2418 1899 2554 1942 fuisse

238 1972 457 2028 exemplar
494 1970 822 2014 existimandum
860 1971 935 2025 sit,
981 1983 1063 2026 quo
1100 1971 1304 2015 Hosidius
1345 1977 1596 2027 utereretur,
1645 1977 1687 2014 et
1722 1984 1831 2027 quae
1869 1972 1978 2015 inter
2008 1972 2087 2015 hoc
2116 1978 2158 2015 et
2186 1978 2351 2015 nostros
2381 1972 2554 2016 codices

161 2037 171 2047 ’
237 2046 556 2102 antiquissimos
596 2045 832 2088 intercedat
869 2045 989 2087 ratio.
1057 2044 1179 2096 Quod
1217 2059 1299 2101 quo
1337 2047 1504 2089 facilius
1542 2047 1840 2103 perspiciatur,
1882 2059 2043 2088 omues.
2069 2045 2259 2088 centonis
2294 2046 2432 2101 locos,
2479 2044 2578 2089 ubi'

235 2122 333 2164 libri
370 2120 605 2174 Vergiliani
644 2118 926 2173 antiquissimi
967 2119 1190 2174 fluctuant,
1238 2121 1323 2163 iam
1362 2122 1550 2163 afferam.
1568 2120 1611 2175 ἥ)
1679 2121 1732 2162 Et
1769 2133 1896 2174 quum
1932 2120 2043 2162 inter
2078 2120 2248 2163 codices
2283 2120 2553 2174 Vergilianos

235 2199 323 2237 tres
354 2194 475 2249 quasi
505 2193 791 2248 principatum
820 2197 1003 2245 teneant,
1033 2193 1251 2236 Mediceus
1283 2191 1387 2250 (M),
1416 2193 1634 2236 Palatinus
1663 2192 1752 2249 (P),
1780 2193 1995 2236 Romanus
2025 2192 2115 2250 (R),
2151 2194 2334 2237 omnium
2366 2193 2552 2236 maxime

237 2267 430 2321 interest,
469 2266 638 2322 opinor,
678 2264 809 2320 scire,
852 2278 947 2307 cum
988 2278 1069 2319 quo
1108 2265 1372 2321 potissimum
1413 2266 1560 2309 horum
1598 2265 1791 2309 codicum
1820 2265 1987 2309 Hosidii
2026 2265 2229 2309 lectiones
2268 2265 2551 2309 consentiant.

236 2342 375 2396 Atque
413 2340 456 2382 in
495 2339 740 2382 universum
779 2338 949 2393 quidem
988 2337 1133 2381 dicere
1174 2338 1289 2393 licet,
1329 2338 1495 2382 Hosidii
1534 2338 1752 2394 exemplar
1780 2343 2007 2392 cognatum
2036 2338 2168 2382 fuisse
2198 2327 2415 2382 codicibus
2446 2341 2550 2389 MP,

237 2414 297 2457 ita
324 2418 486 2467 tamen,
527 2417 571 2455 ut
607 2417 746 2455 utrum
784 2412 875 2454 Pal.
913 2425 968 2454 an
1005 2411 1116 2454 Med.
1148 2411 1325 2455 similius
1355 2411 1595 2461 fueritdici
1624 2412 1693 2454 vix
1723 2411 1870 2466 possit.
1898 2432 1955 2438 —
1990 2412 2276 2466 Namquc‚eis
2305 2412 2431 2467 locis,
2476 2412 2550 2454 ubi

236 2486 386 2541 reliqui
417 2485 589 2530 codices
620 2484 900 2540 antiquissimi
931 2484 1005 2541 (de
1035 2484 1101 2527 his
1132 2489 1292 2528 tantum
1323 2484 1482 2541 agitur)
1514 2499 1541 2529 a
1572 2488 1665 2530 ΜΡ
1689 2484 1912 2539 recedunt,
1942 2484 2144 2528 Hosidius
2173 2485 2421 2541 plerumque
2451 2497 2549 2528 cum

238 2563 332 2604 MP
357 2558 580 2603 consentit.
638 2557 825 2601 Primum
855 2556 900 2600 id
928 2557 1018 2600 fieri
1047 2557 1253 2612 videmus,
1284 2557 1356 2601 ubi
1387 2558 1520 2602 codex
1546 2561 1584 2601 R
1613 2558 1852 2613 singulares
1879 2558 2054 2613 praebet
2081 2557 2298 2612 lectiones,
2329 2557 2393 2601 his
2422 2557 2551 2602 locis:

404 2632 476 2676 Vs.
511 2632 590 2676 106
620 2632 746 2687 (Aen.
776 2630 824 2685 V,
854 2630 927 2687 71)
957 2630 1163 2675 Hosidius
1192 2644 1288 2674 cum
1321 2634 1431 2675 MP:
1472 2635 1516 2675 et
1545 2632 1704 2687 cingite
1734 2636 1940 2687 tempora,
1972 2634 2030 2674 R:
2066 2636 2258 2687 tempora
2286 2630 2460 2687 cingite.
2491 2651 2551 2658 -

234 2704 309 2747 Vs.
352 2705 430 2747 165
471 2705 599 2761 (Aen.
638 2704 723 2757 IX,
765 2703 863 2757 1,31)
895 2706 1027 2747 FMP
1052 2704 1175 2747 Hos.:
1218 2717 1318 2758 pars
1348 2703 1483 2747 altera
1511 2704 1714 2760 adempta
1743 2709 1819 2748 est.
1877 2708 1933 2747 R:
1970 2703 2145 2759 dempta
2173 2709 2249 2747 est.
2279 2724 2336 2730 —
2373 2717 2436 2748 vs.
2467 2703 2549 2746 207

236 2778 363 2835 (Aen.
403 2778 462 2833 X,
501 2778 574 2834 54)
613 2778 716 2820 Hos.
756 2790 852 2819 cum
895 2780 1002 2821 MP:
1053 2777 1349 2833 expectatique
1387 2777 1602 2833 triumphi.
1672 2781 1733 2820 R:
1782 2778 2066 2834 exoptatique.
2097 2798 2153 2804 —
2196 2777 2269 2821 Vs.
2308 2777 2391 2819 446
2422 2776 2549 2832 (Aen.

235 2852 311 2907 IX,
341 2852 415 2907 37)
444 2852 547 2896 Hos.
579 2865 675 2895 cum
706 2854 817 2895 MP:
858 2850 1086 2905 ascendite,
1117 2851 1187 2893 ubi
1219 2854 1315 2894 RF:
1352 2855 1394 2893 et
1422 2851 1629 2895 scandite.
1660 2871 1716 2878 —
1753 2866 1814 2895 vs.
1850 2853 1927 2894 137
1958 2851 2083 2907 (Aen.
2113 2851 2173 2907 II,
2209 2850 2277 2906 15)
2309 2864 2403 2894 cum
2439 2852 2551 2894 MP:

235 2924 382 2969 divina
409 2924 599 2969 Palladis
628 2929 730 2980 arte,
761 2924 832 2968 ubi
867 2927 920 2967 R:
960 2923 1146 2967 divinae.

402 2999 512 3045 Aliis
548 2999 719 3054 quidem
758 2998 863 3043 locis
903 2998 1067 3043 Hosidii
1109 2998 1313 3043 lectiones
1351 3012 1446 3042 cum
1486 3001 1525 3041 R
1554 2998 1834 3054 consentiunt,
1870 3003 1915 3043 ut
1949 3012 2011 3044 vs.
2043 2999 2097 3042 47
2129 2997 2255 3055 (Aen.
2285 2996 2386 3053 VII,
2430 2996 2549 3054 128):

232 3072 365 3128 „haec
396 3086 471 3117 nos
501 3086 700 3129 suprema
729 3071 984 3116 manebant“
1012 3086 1107 3116 cum
1126 3076 1173 3127 R,
1202 3072 1275 3115 ubi
1299 3076 1407 3117 MP:
1447 3072 1659 3116 manebat.
1718 3072 1804 3118 Sed
1835 3073 1913 3129 hic,
1944 3073 1981 3117 si
2011 3071 2264 3117 sententiam
2283 3071 2550 3128 respicimus,

306 3216 343 3260 *)
375 3216 505 3250 iisdem
531 3217 697 3250 codicum
723 3217 838 3261 signis
865 3219 948 3248 utor
973 3219 1083 3259 atque
1107 3216 1344 3250 Ribbeckius.
