2824 3778
414 254 487 301 Sic
516 228 787 300 Bumannus
816 267 872 300 ex
901 255 1009 301 Aen.
1039 256 1088 312 V,
1117 256 1231 313 866;
1261 231 1383 302 unde
1403 255 1507 307 mila
1537 258 1669 304 etiam
1693 258 1841 317 „taff
1855 248 2137 310 scribendum
2149 248 2378 315 videtur
2405 222 2429 251 ’ἠ

413 341 478 372 vs.
519 328 616 371 217.
675 327 884 385 Corrupte
921 327 989 372 in
1006 329 1158 374 Salm..
1194 329 1377 374 infixure
1413 330 1537 376 mari.
1595 331 1720 385 Quod
1747 318 2038 380 Burmannus
2043 337 2224 388 mutavit
2249 337 2303 384 in
2335 338 2361 361 ”

243 402 378 446 mari“
396 402 524 459 (Aen.
540 400 572 455 1,
593 400 682 457 84).
739 399 829 445 Sed
859 413 989 457 quum
1017 402 1081 446 ita
1109 402 1349 447 subiectum
1378 403 1497 447 verbi
1525 404 1809 460 „incubuere“
1832 402 2114 464 desideraret,
2141 409 2274 456 etiam
2292 387 2651 473 vei-sumpno·
2619 394 2628 398 *V
2658 394 2662 396 Y

242 476 405 520 ximum
433 473 588 518 mutari
620 475 686 531 (ut
713 487 791 529 pro
819 476 1020 528 „ventos“
1050 475 1308 520 scriberetur
1334 476 1522 533 ‚,venti“)
1552 482 1626 522 aut
1652 482 1789 523 totum
1818 491 1988 525 versum
2017 479 2157 526 inseri
2175 483 2340 530 voluit.
2386 477 2605 532 Minime.

243 549 358 593 Vera
396 549 509 592 enim
546 546 675 591 lectio
716 545 905 602 petenda
942 560 995 591 ex
1037 548 1144 592 Aen.
1183 549 1232 604 V,
1276 549 1376 595 193.
1424 549 1682 605 Ionioque
1721 551 1841 596 mari,
1909 551 2036 608 Vide,
2075 566 2204 610 quam
2225 554 2458 611 praeclare
2485 556 2574 602 iam
2641 561 2651 591 i
2722 534 2798 554 ²

242 623 388 667 omnia
416 622 732 677 coniungantur
759 619 860 664 inde
889 634 918 664 a
948 635 1007 666 vs.
1039 622 1145 665 214:

724 719 921 772 Namque
951 717 1069 762 aliud
1100 718 1203 775 quid
1233 719 1309 774 sit,
1349 717 1463 774 quod
1491 718 1576 763 iam
1606 718 1835 775 implorare
1865 734 2071 777 queamus

725 791 825 846 Ipse
853 790 960 833 mihi
989 804 1126 848 nuper
1153 791 1375 848 Libycis
1405 797 1450 835 tu
1478 791 1598 836 testis
1628 791 1680 835 in
1708 792 1885 849 undis,

725 864 856 922 (Tum
884 878 1018 909 rauca
1046 864 1228 910 adsiduo
1257 866 1386 921 longe
1416 865 1506 911 sale
1534 879 1642 911 saxa
1669 865 1900 924 sonabant)

720 938 988 994 Ionioque
1018 938 1149 983 mari
1179 938 1309 983 tantis
1340 938 1613 994 surgentibus
1642 938 1787 984 undis:

725 1012 957 1055 Laetantes
987 1016 1138 1056 ventos
1168 1016 1532 1069 tempestatesque
1562 1025 1739 1056 sonoras

723 1081 967 1142 Compressi
998 1090 1041 1128 et
1069 1085 1234 1129 rabiem
1262 1090 1426 1129 tantam
1456 1084 1650 1142 caelique
1679 1085 1906 1142 marisque.

413 1183 483 1226 Vs.
515 1182 597 1225 224
628 1196 721 1239 sqq.
779 1182 1023 1225 Burmanno
1052 1182 1115 1226 sic
1144 1182 1331 1238 legenda
1359 1182 1576 1225 videntur:

721 1268 936 1323 Tempore
967 1281 1050 1323 quo
1081 1268 1261 1324 primum
1291 1267 1422 1311 fortes
1451 1267 1508 1310 ad
1537 1271 1681 1311 aratra
1707 1267 1911 1312 iuvencos

721 1340 981 1396 Seminaque
1010 1346 1053 1384 et
1082 1346 1227 1386 tauros
1257 1341 1458 1397 spirantis
1488 1341 1662 1385 naribus
1690 1340 1835 1396 ignem

724 1414 886 1469 Obieci,
916 1414 1030 1458 unde
1060 1415 1166 1459 satis
1194 1414 1392 1458 immanis
1421 1414 1621 1457 dentibus
1650 1413 1777 1470 hydri

722 1487 940 1544 Explicuit
969 1488 1096 1543 legio.

410 1538 561 1621 Facile
602 1581 746 1620 autem
783 1577 1060 1634 perspicitur,
1103 1577 1165 1621 sic
1206 1591 1267 1621 vs.
1310 1579 1391 1621 225
1423 1577 1496 1635 (ex
1527 1578 1580 1622 G.
1610 1578 1674 1633 ΙΙ,
1707 1577 1806 1635 140)
1838 1578 2049 1624 sententia
2080 1591 2187 1623 sana
2215 1591 2373 1623 carere.
2431 1579 2572 1635 Atque

243 1665 373 1708 quum
414 1651 459 1694 in
494 1650 625 1695 Salm.
667 1650 871 1695 mendose
913 1651 1120 1707 scriptum
1160 1651 1235 1696 sit:
1283 1651 1470 1707 „semine
1500 1656 1541 1695 et
1570 1652 1761 1707 eterios“‚
1799 1666 1882 1696 non
1912 1652 2099 1708 dubium,
2130 1652 2232 1709 quin
2261 1666 2315 1696 ex
2342 1653 2450 1696 Aen.
2480 1652 2572 1708 VII,

242 1726 322 1769 281
366 1724 637 1768 scribendum
677 1725 751 1768 sit:
800 1725 1000 1769 semine
1040 1726 1102 1769 ab
1139 1725 1394 1769 aetheri0.
1453 1725 1621 1769 Deinde
1650 1740 1712 1770 vs.
1744 1727 1826 1769 226
1856 1730 2035 1770 metrum
2065 1727 2280 1770 turbatum
2307 1727 2572 1770 Burmannus

242 1799 405 1843 inserta
433 1811 539 1843 voce
568 1798 732 1853 ,‚unde“
760 1813 914 1843 sanare
945 1805 1124 1844 conatus
1154 1805 1232 1844 est.
1291 1800 1349 1842 At
1379 1799 1553 1842 verbum
1579 1798 1771 1855 ,‚obieci“
1798 1812 1925 1856 quum
1956 1800 2126 1844 omnino
2155 1800 2344 1857 ineptum
2374 1800 2439 1856 sit,
2469 1800 2570 1844 mihi

242 1887 494 1930 persuasum
538 1878 602 1916 est
642 1879 778 1916 ortum
815 1887 912 1917 esse
949 1887 1002 1917 ex
1032 1884 1182 1918 versus
1212 1873 1290 1916 221
1324 1872 1444 1916 initio
1472 1873 1656 1927 „obiecit
1683 1874 1848 1929 caput“.
1907 1873 2188 1918 Desideratur
2216 1879 2358 1918 autem
2385 1874 2572 1929 verbum,

243 1947 369 2003 quale
400 1951 466 1990 est
493 1945 672 2001 „devici,
703 1947 940 2002 oppressi.“

412 2020 486 2062 Vs.
526 2020 622 2062 233.
660 2033 789 2074 „auro
830 2020 984 2075 ingens
1021 2019 1195 2063 coluber
1233 2020 1434 2062 servabat
1473 2019 1513 2062 in
1554 2019 1705 2062 arbore
1735 2020 1918 2063 ramos.“
1975 2019 2047 2064 Sic
2077 2020 2208 2064 Salm.
2238 2021 2380 2063 Burm.
2412 2020 2571 2076 Meyer.

242 2094 344 2137 Mihi
376 2098 521 2136 autem
551 2092 719 2136 videtur
747 2092 1026 2148 retinendum,
1058 2092 1172 2148 quod
1194 2093 1301 2135 Aen.
1322 2092 1416 2146 VII,
1447 2093 1529 2135 352
1560 2093 1789 2148 aVergilio
1819 2092 2003 2148 positum
2034 2098 2099 2137 est
2126 2095 2375 2148 „aurum“
2404 2093 2571 2151 (vitium

242 2167 355 2211 enim
386 2172 521 2210 ortum
554 2180 607 2209 ex
638 2166 850 2223 scriptura
879 2165 1273 2222 „auromingens“),
1313 2172 1359 2210 ut
1388 2171 1609 2221 utrumque
1640 2166 1834 2222 verbum,
1874 2172 1915 2210 et
1943 2169 2143 2222 „aurum“
2171 2171 2212 2211 et
2239 2168 2441 2222 „ramos“,
2470 2179 2573 2223 pen-

245 2242 347 2285 deat
377 2256 404 2284 a
432 2241 682 2295 ‚,servabat“
712 2241 785 2297 (cf.
816 2242 899 2283 323
928 2241 994 2295 „in
1026 2241 1252 2295 medioque
1282 2240 1400 2283 focos
1430 2245 1657 2284 nocturnas
1686 2240 1859 2284 inchoat
1888 2241 2044 2296 aras“),

415 2315 488 2358 Vs.
521 2315 603 2357 250
633 2314 741 2369 „heu
772 2319 830 2358 tot
861 2314 1103 2358 incassum“
1133 2319 1328 2370 corrupte
1359 2314 1401 2356 in
1431 2313 1562 2357 Salm.
1593 2314 1699 2356 Aen.
1729 2313 1828 2369 VII,
1859 2315 1962 2357 421:
2009 2315 2195 2369 „Turne,
2225 2318 2284 2358 tot
2318 2313 2570 2357 incassum“.

248 2391 331 2433 Pro
360 2391 556 2444 „Turne“
585 2388 703 2432 aliud
734 2389 987 2432 vocabulum
1018 2389 1260 2445 ponendum
1293 2394 1384 2431 erat
1413 2387 1614 2432 Hosidio:
1651 2384 1784 2442 „heu³‘
1810 2392 1954 2431 autem
1982 2388 2105 2432 metri
2135 2381 2266 2432 causa
2294 2387 2395 2432 ferri
2414 2387 2572 2443 nequit.

413 2463 516 2506 Post
546 2477 715 2506 versum
747 2465 829 2506 255
863 2463 934 2520 (G.
965 2463 1030 2517 ΙΙ,
1064 2462 1162 2518 140)
1193 2463 1391 2506 lacunam
1422 2474 1517 2505 esse
1547 2460 1627 2504 etsi
1658 2466 1773 2504 recte
1804 2461 1908 2504 vidit
1937 2462 2222 2517 Burmannus,
2269 2466 2411 2504 tamen
2441 2460 2571 2504 nolim

242 2536 345 2579 addi
378 2550 547 2579 versum
579 2538 630 2580 G.
662 2538 726 2591 ΙΙ,
761 2537 859 2590 141,
911 2537 1164 2591 praesertim
1203 2550 1329 2591 quum
1373 2541 1573 2590 sequatur
1601 2548 1664 2578 vs.
1696 2535 1748 2578 G.
1779 2535 1842 2589 ΙΙ,
1888 2536 1978 2579 142.
2046 2536 2195 2590 Neque
2225 2535 2338 2578 enim
2367 2534 2571 2579 Hosidius

246 2622 395 2665 versus
436 2610 545 2653 solet
585 2610 846 2664 coniungere
888 2610 958 2664 qui
999 2610 1113 2665 apud
1153 2609 1387 2664 Vergilium
1426 2621 1592 2663 quoque
1638 2608 1970 2664 coniunguntur3
2019 2621 2103 2663 qua
2143 2607 2197 2650 de
2236 2620 2282 2651 re
2319 2607 2404 2650 iam
2442 2621 2572 2664 supra

240 2682 414 2725 dictum.

413 2756 482 2799 Vs.
524 2757 627 2799 269:
678 2755 781 2811 quid
820 2756 929 2811 petis
970 2770 1127 2799 causas
1167 2762 1208 2799 et
1247 2755 1387 2799 inrida
1418 2757 1463 2813 (i.
1487 2770 1523 2799 e.
1554 2754 1699 2811 inrita)
1731 2755 1872 2811 iurgia
1900 2754 2068 2798 iactas?
2106 2754 2236 2798 Salm.
2268 2754 2409 2797 Burm.
2441 2752 2570 2796 scribi

240 2832 329 2873 vult
358 2831 445 2873 vel:

415 2904 572 2959 quidve
602 2904 714 2959 petis
745 2918 911 2958 causas,
943 2904 1099 2960 quidve
1129 2903 1258 2947 inrita
1288 2904 1397 2959 iurg.
1429 2904 1489 2946 i.‘?
1525 2904 1592 2947 vel
1623 2903 1856 2947 secundum
1886 2902 1993 2945 Aen.
2024 2902 2137 2956 VIII,
2168 2902 2271 2945 395:

412 2977 515 3032 quid
545 2993 700 3022 causas
730 2979 840 3034 petis
871 2992 923 3021 ex
955 2979 1050 3033 alto,
1082 2978 1184 3034 quid
1213 2978 1355 3033 iurgia
1384 2978 1442 3020 if?
1480 2978 1547 3021 vel
1578 2992 1674 3021 cum
1703 2975 2026 3031 Oudendorpio:

413 3052 514 3107 quid
553 3054 664 3109 petis
704 3058 777 3097 aut
818 3067 973 3097 causas
1011 3057 1084 3096 aut
1120 3053 1200 3096 inr.
1239 3052 1381 3108 iurgia
1411 3052 1579 3096 iactas?
1631 3053 1831 3096 Fortasse
1859 3055 2002 3094 tamen
2033 3051 2222 3106 praestat
2251 3046 2391 3091 verbis
2421 3046 2569 3103 Vergi-
2609 3075 2611 3077 -

241 3126 368 3171 lianis
407 3141 490 3171 non
534 3128 707 3171 mutatis
746 3127 898 3171 scribi.
949 3127 1051 3183 quid
1089 3141 1244 3171 causas
1283 3127 1394 3183 petis
1436 3141 1487 3170 ex
1529 3126 1648 3171 alto?
1699 3127 1824 3184 (Aen.
1854 3125 1976 3180 VIII,
2007 3124 2110 3178 3953
2156 3121 2208 3165 cf.
2240 3120 2362 3165 huius
2390 3120 2568 3165 Medeae

244 3216 304 3245 vs.
335 3201 410 3258 87)
442 3203 569 3245 inrita
598 3203 740 3258 iurgia
769 3202 927 3246 iactas!
970 3203 1095 3259 (Aen.
1128 3202 1202 3256 IX,
1234 3202 1322 3256 95).

173 3749 187 3753 ..
308 3750 310 3752 .
356 3733 361 3738 ’
1869 3751 1873 3754 ³
2268 3746 2272 3749 .
2439 3751 2442 3754 Ι
2457 3737 2477 3756 3)
2493 3745 2495 3747 .
2550 3737 2561 3754 Α·

181 3752 518 3778 ’“·“<’.π·3ι.ιως..ι.ι;ι>ιικ
538 3765 548 3778 t
564 3769 582 3778 ι.
607 3773 613 3777 .
634 3774 646 3776 ..
667 3766 669 3769 <
698 3776 701 3778 ,
798 3773 803 3778 .
856 3777 859 3778 .
972 3767 975 3770 -
1002 3775 1007 3778 .
1034 3767 1038 3770 -
1061 3765 1065 3769 ⁴
1141 3767 1153 3778 .-
1172 3767 1192 3778 .⁷2
1317 3771 1329 3775 .-
1364 3763 1390 3778 02
1420 3767 1454 3778 ..ι
1474 3766 1477 3773 ‹
1499 3764 1502 3766 ·
1571 3772 1614 3778 .-m
1630 3761 1718 3778 -.-:....-„
1729 3755 1956 3778 “amsa-ma.
1991 3758 2002 3778 ·.
2018 3750 2058 3778 u}
2082 3754 2156 3778 mig«
2296 3755 2316 3777 ef*
2348 3752 2363 3759 Δ
2386 3757 2391 3762 ’
2442 3755 2445 3758 ’
2490 3758 2491 3761 ’
