2824 3778
1110 71 1125 82 “’
1263 74 1298 91 1¹1·-
1322 74 1333 83 -“
1343 68 1357 78 ”
1379 77 1382 80 ·
1431 72 1434 74 ’
1454 81 1457 84 -
1692 87 1694 89 .
1911 84 1914 86 —
1952 86 1956 90 .
2214 70 2215 73 ’
2314 78 2316 81 ·
2505 84 2509 88 ,

1102 102 1107 109 ‹
1230 90 1234 102 ι
1304 89 1347 106 γέν,
1388 97 1392 100 ,
1459 96 1473 110 ,Ἰ
1680 91 1683 94 μ
1931 93 1935 95 ,
1965 106 1969 110 .
2149 101 2154 104 v
2210 94 2212 96 ,

1174 119 1181 126 ‹
1198 110 1206 117 '⁴
1278 116 1284 125 l
1342 117 1346 120 ¹
1389 120 1392 122 Α
1429 108 1435 127 ,”
1587 129 1589 131 ¹
1632 107 1639 112 “
2231 124 2233 126 ,

1122 207 1138 216 0
1202 207 1208 215 ν
1646 203 1649 205 Δ
2306 216 2313 223 .

211 316 350 371 {3¹2}ss
383 371 388 387 ι
412 322 662 393 “almae
674 329 775 394 sint
787 301 1033 406 blanditiae,
1060 355 1174 413 quae
1199 360 1326 393 senez
1333 326 1481 393 insunt
1508 349 1649 394 verbis
1677 350 1758 393 801
1789 349 1874 404 sq·

654 423 715 468 ni
726 426 770 473 te
796 423 955 469 tantus
969 422 1073 469 edat
1097 420 1244 481 (edit)
1257 421 1436 467 tacitam
1465 421 1587 468 dolor
1611 426 1657 467 et
1683 422 1787 467 mihi
1816 435 1946 468 curae

651 510 791 554 saepe
812 501 894 541 tuo
910 495 1030 541 dulei
1051 496 1200 541 tristes
1226 506 1282 540 ex
1307 508 1385 541 ere
1412 500 1647 540 recursant.

88 545 109 581 Ἃ
192 574 223 595 ·
331 534 481 621 Multo
508 572 649 613 autem
678 568 832 614 melius
859 568 968 615 haec
995 568 1132 614 verba
1156 569 1384 613 convenire
1412 568 1535 612 alteri
1562 568 1680 612 Iovis
1709 568 1910 624 orationi,
1948 582 2034 623 qua
2062 574 2288 625 postquam
2316 538 2421 613 Iuno
2451 583 2499 614 se

112 667 114 669 ·
182 641 337 689 cedere
364 639 473 685 tatis
506 641 778 697 indicaverit,
822 642 1025 697 coniugis
1054 640 1255 697 precibus
1293 654 1341 685 se
1368 641 1553 684 invicem
1581 641 1881 684 obsecuturum
1910 641 2150 697 promittat,
2189 655 2320 697 quare
2349 656 2498 687 versus

168 695 301 785 [illes
295 718 421 760 recte
447 719 547 773 post
572 716 658 761 832
684 715 807 775 poni:

652 799 798 834 verum
828 767 913 845 age
942 793 986 832 et
1013 788 1231 843 inceptum
1258 779 1417 831 frustra
1445 786 1643 831 submitte
1672 786 1874 831 furorem:

655 863 701 906 ni
729 867 770 906 te
799 868 882 907 etc.
1901 872 1906 877 ·

654 936 710 980 do
741 935 855 992 quod
884 936 948 980 vis
978 939 1021 978 et
1048 947 1118 978 me
1146 933 1367 989 victusque
1396 933 1626 989 volensque
1655 934 1835 979 remitto.

316 1044 318 1046 -
345 1010 483 1065 Atque
511 1009 593 1065 hic,
623 1023 879 1066 quamquam
908 1008 1135 1065 quicquam
1164 1006 1398 1051 desiderari
1430 1020 1559 1063 nego,
1596 1007 1676 1051 hoc
1706 1020 1852 1052 versus
1883 1007 2083 1051 collocari
2111 1020 2238 1063 posse
2269 1012 2315 1050 ut
2343 1021 2499 1064 negem

181 1087 341 1127 tantum
370 1083 510 1138 abest,
539 1088 586 1126 ut
613 1083 847 1127 Ribbeckio
877 1080 1077 1126 assentiri
1107 1069 1189 1125 non
1219 1080 1479 1136 dubitarem,
1509 1080 1544 1124 si
1574 1080 1646 1125 illo
1675 1080 1746 1124 ubi
1777 1080 1821 1124 in
1850 1080 2070 1125 codicibus
2100 1084 2244 1124 extant
2272 1080 2367 1125 loco
2397 1081 2497 1125 ferri

181 1169 266 1201 non
303 1168 431 1213 posse
467 1160 694 1200 constaret.
759 1156 827 1199 Ne
865 1154 981 1199 enim
1015 1154 1095 1198 hos
1131 1167 1278 1197 versus
1319 1166 1494 1198 severae
1533 1153 1673 1197 mariti
1710 1153 1986 1208 castigationi
2014 1153 2232 1209 adversari
2262 1154 2498 1199 Ribbeckio

181 1228 435 1284 concedam,
490 1228 701 1285 impedior
752 1242 813 1271 vs.
852 1221 973 1271 8002'
1014 1227 1361 1282 precibusque
1413 1227 1627 1270 inflectere
1680 1226 1849 1271 nostris.
1932 1226 2057 1271 Unde
2105 1227 2298 1271 videmus
2350 1229 2495 1271 lovem

125 1287 132 1300 ι
162 1307 359 1346 -uxorem
396 1316 479 1345 non
516 1302 650 1345 solum
688 1302 921 1357 castigare,
961 1300 1048 1345 ‘sed
1076 1300 1205 1343 etiam
1234 1306 1279 1344 ut
1307 1300 1506 1356 precibus
1535 1299 1725 1344 inflectat
1753 1313 1927 1356 operam
1956 1299 2073 1344 dare.
2143 1300 2178 1343 V
2178 1300 2364 1357 ituperat
2393 1314 2497 1345 sane

182 1390 244 1419 vs.
275 1370 497 1420 '793—799
525 1375 816 1431 pertinaciam,
846 1388 931 1430 qua
958 1374 1063 1418 Iuno
1094 1374 1237 1418 Turno
1267 1374 1472 1418 auxilium
1501 1373 1620 1429 terat,
1651 1373 1808 1430 quippe
1839 1385 1948 1429 quae
1978 1372 2157 1429 indigna
2184 1373 2239 1416 sit
2267 1373 2372 1429 dea,
2413 1388 2497 1418 non

182 1433 338 1504 inscia,
378 1461 489 1504 quae
525 1448 583 1491 sit
619 1448 693 1491 fati
733 1448 942 1491 voluntas.
1009 1447 1142 1492 Simul
1180 1447 1247 1492 his
1285 1448 1429 1504 omnia
1466 1461 1576 1503 quae
1605 1448 1711 1491 Iuno
1748 1447 1945 1491 moliatur
1983 1447 2140 1490 frustra
2167 1447 2326 1502 suscipi
2356 1447 2497 1491 docet.

179 1522 270 1565 Iam
314 1522 369 1565 ab
409 1535 461 1565 ea
498 1527 714 1577 precatur,
756 1526 802 1564 ut
830 1521 1004 1565 tandem
1033 1521 1263 1577 aliquando
1293 1535 1388 1565 eam
1417 1525 1603 1565 mentem
1633 1526 1779 1575 exuat,
1820 1533 1873 1563 ne
1903 1520 2031 1563 etiam
2062 1519 2105 1562 in
2134 1525 2350 1575 posterum
2380 1526 2423 1564 et
2451 1535 2498 1565 se

180 1596 277 1652 ipsa
305 1596 437 1638 tacita
465 1595 610 1638 dolore
639 1600 757 1638 tanto
788 1595 948 1638 cruciet
978 1594 1066 1652 („id
1095 1595 1207 1650 quod
1237 1600 1325 1639 tum
1355 1595 1508 1639 fiebat“
1536 1594 1712 1651 Wagn.)
1735 1599 1776 1638 et
1804 1594 1897 1649 sibi,
1930 1594 2113 1649 coniugi,
2144 1606 2275 1650 saepe
2299 1595 2497 1650 querelae

179 1667 417 1713 audiendae
447 1669 542 1711 sint.
600 1667 763 1719 Quibus
793 1668 931 1711 addit:
959 1667 1079 1723 Vide,
1111 1682 1193 1723 quo
1222 1667 1308 1711 iam
1337 1681 1405 1712 res
1433 1666 1621 1711 deducta
1650 1668 1715 1723 sit,
1746 1667 1940 1723 quotiens
1971 1671 2015 1710 tu
2046 1672 2145 1723 quot
2173 1668 2288 1710 mala
2316 1668 2358 1710 in
2387 1669 2496 1710 Teu-

181 1756 276 1786 cros
317 1742 507 1785 conferre
546 1742 756 1796 potueris:
802 1742 879 1785 sed
917 1742 1024 1785 haec
1061 1748 1102 1785 te
1139 1747 1379 1786 assecutam
1417 1754 1512 1785 esse
1542 1741 1647 1785 satis
1676 1741 1856 1785 habeas:
1899 1741 2073 1785 ulterius
2105 1746 2267 1784 tentare
2298 1746 2407 1784 veto.
2439 1762 2495 1767 —-

180 1816 331 1871 Itaque
360 1828 510 1858 versus
539 1815 782 1857 eoo—802
811 1821 907 1858 sunt
935 1816 1161 1871 precantis.
1225 1815 1377 1858 Verbis
1407 1820 1548 1858 autem
1578 1828 1655 1869 „ne
1684 1835 1742 1841 —
1770 1816 2012 1858 recursent“
2040 1814 2232 1870 Iuppiter
2261 1827 2307 1856 se
2337 1814 2498 1856 indicat

181 1903 208 1931 a
245 1888 445 1943 coniuge,
495 1892 540 1930 ut
580 1888 778 1931 Troianis
808 1888 936 1932 irasci
966 1889 1153 1944 desinat,
1191 1889 1355 1944 precari
1396 1888 1669 1932 miserantem
1701 1888 1858 1944 ipsius,
1898 1887 2024 1930 docet
2054 1887 2185 1940 enim,
2227 1894 2383 1941 quanto
2414 1888 2497 1942 ipsi

181 1962 330 2004 melius
359 1962 542 2003 futurum
574 1962 628 2003 sit
656 1962 763 2003 iram
793 1963 1087 2018 comprimere.
1147 1962 1282 2014 Quum
1309 1967 1450 2005 autem
1479 1962 1601 2005 addit
1628 1969 1696 2017 „et
1726 1962 1825 2005 mihi
1858 1974 1983 2005 curae
2013 1981 2070 1987 —
2099 1963 2350 2016 1·ecursent“,
2382 1974 2498 2003 vere—

182 2038 247 2075 tur
285 2034 475 2089 quidem,
515 2048 568 2076 ne
608 2036 803 2078 molestia
841 2036 1049 2078 afficiatur
1090 2036 1271 2090 querelis
1309 2036 1452 2079 uxoris
1482 2049 1613 2090 saepe
1643 2035 1854 2090 repetitis,
1893 2034 1970 2078 sed
2000 2035 2131 2078 verba
2160 2035 2222 2077 ita
2251 2039 2496 2090 comparata

181 2111 294 2161 sunt,
335 2113 379 2149 ut
418 2107 556 2162 ipsum
593 2121 758 2163 quoque
800 2122 852 2151 ex
893 2110 1037 2153 uxoris
1076 2109 1188 2152 curis
1219 2109 1406 2152 dolorem
1436 2113 1655 2164 capturum
1688 2121 1783 2151 esse
1814 2108 2036 2163 significet.
2098 2107 2246 2151 Verbis
2274 2107 2413 2162 „dulci
2444 2120 2495 2149 ex

183 2180 279 2221 ore“
306 2180 571 2222 blantiditiae
602 2194 705 2222 sane
736 2181 1025 2236 continentur3
1065 2182 1216 2236 quibus
1253 2188 1394 2225 tamen
1432 2181 1534 2236 quid
1563 2188 1627 2225 est
1656 2195 1729 2224 cur
1758 2182 1818 2224 uti
1850 2196 1932 2225 non
1961 2182 2145 2237 potuerit
2176 2181 2246 2236 qui
2276 2181 2496 2223 mulierem

182 2252 378 2308 precibus
407 2252 621 2295 inflectere
651 2253 784 2297 velit?
819 2255 958 2309 Atque
990 2255 1058 2310 qui
1091 2254 1255 2297 mulieri
1284 2254 1541 2311 persuadere
1573 2254 1725 2310 studet,
1755 2268 1893 2298 nonne
1923 2254 2075 2297 callide
2106 2255 2166 2297 ita
2187 2254 2309 2308 agit?
2346 2254 2496 2308 Neque

177 2325 293 2389 *enim
323 2326 514 2381 Iuppiter
542 2327 586 2369 id
617 2328 725 2382 agit,
765 2333 810 2370 ut
839 2342 989 2371 severa
1019 2328 1203 2384 quadam
1234 2329 1517 2384 castigatione
1548 2329 1790 2384 coniugem,
1828 2342 1880 2372 ne
1911 2328 2012 2384 quid
2042 2334 2261 2384 praeterea
2292 2327 2496 2381 moliatur,

183 2398 403 2454 deterreat,
433 2399 510 2442 sed
539 2405 585 2443 ut
615 2401 652 2443 ei
684 2401 949 2461 persuadeat,
980 2402 1137 2445 frustra
1166 2416 1213 2445 se
1242 2403 1327 2446 fato
1358 2403 1502 2445 obniti.
1562 2403 1680 2454 Quae
1711 2409 1859 2458 postea
1888 2410 2028 2444 autem
2061 2402 2178 2444 addit
2200 2402 2279 2444 etsi
2307 2402 2369 2444 eis
2392 2401 2496 2443 satis

182 2473 369 2527 graviter
398 2487 572 2516 uxorem
600 2475 802 2529 „ulterius
831 2477 1064 2531 tempta1·e“
1092 2481 1223 2531 vetat,
1265 2482 1404 2519 tamen
1435 2490 1530 2519 cum
1562 2482 1787 2531 enumeret,
1830 2490 1938 2531 quae
1968 2476 2029 2518 illi
2060 2476 2101 2517 in
2133 2476 2364 2531 perniciem
2395 2475 2497 2517 Tro—

181 2546 372 2589 ianorum
403 2554 563 2590 struere
593 2549 773 2602 licuerit,
811 2549 978 2591 facilius
1007 2550 1182 2592 Iunonis
1212 2551 1397 2593 animum
1427 2552 1640 2605 placatum
1671 2551 1721 2593 iri
1752 2556 1913 2606 sperat,
1950 2551 2106 2605 quippe
2138 2563 2246 2605 quae
2277 2563 2322 2592 se
2353 2549 2497 2591 memi-

181 2620 292 2663 nerit
329 2627 492 2676 partem
531 2627 642 2664 certe
679 2635 822 2664 eorum
861 2635 970 2677 quae
1005 2624 1259 2678 appetiverit
1287 2631 1529 2667 assecutam
1559 2638 1653 2667 esse
1684 2629 1726 2667 et
1755 2630 1920 2678 partem
1951 2630 2065 2667 certe
2096 2624 2184 2666 irae
2216 2623 2256 2665 in
2289 2623 2497 2665 Troianos

182 2694 398 2738 effundere
437 2697 639 2750 potuisse.
668 2717 724 2722 —
768 2696 832 2738 Ex
871 2696 937 2739 his
974 2697 1223 2751 intelligitur
1261 2697 1363 2740 mihi
1401 2711 1495 2741 esse
1533 2713 1616 2741 non
1646 2697 1799 2752 videri,
1840 2711 1917 2740 cun
1943 2711 1968 2740 a
1999 2697 2193 2741 codicum
2224 2697 2402 2740 lectione
2434 2710 2495 2739 ne

184 2768 270 2825 (vel
299 2768 370 2825 ni)
401 2765 429 2811 e‘
437 2769 524 2811 dat
554 2770 640 2826 (vel
670 2769 781 2810 edit
809 2770 944 2812 forma
973 2770 1229 2826 antiquiore)
1260 2771 1523 2815 recedamus.
1582 2772 1778 2815 Editores
1805 2771 1916 2814 enim
1945 2772 2072 2825 vulgo
2100 2784 2192 2814 nec
2221 2771 2494 2826 scripserunt.

182 2843 320 2897 Atque
350 2843 556 2898 particula
588 2856 649 2884 ne
680 2847 856 2896 servata,
885 2842 1119 2884 faciliorem
1149 2844 1473 2898 explicationem
1504 2845 1632 2887 habet
1662 2845 1869 2899 particula
1900 2849 1947 2886 et
1979 2845 2039 2899 (et
2068 2844 2169 2886 mihi
2199 2843 2356 2898 curae),
2387 2857 2495 2898 quae

180 2915 320 2958 minus
350 2921 448 2972 apte
477 2916 616 2971 posita
645 2916 777 2958 videri
812 2916 957 2970 debet,
999 2916 1058 2969 si,
1086 2916 1131 2958 id
1160 2917 1273 2970 quod
1302 2918 1429 2972 vulgo
1459 2918 1523 2972 fit,
1564 2932 1654 2960 nec
1686 2918 1922 2961 scribamus
1955 2918 2018 2973 (ut
2049 2918 2319 2960 enunciatum
2351 2918 2495 2960 cohor-

180 2988 383 3030 tationem
423 2989 664 3045 exprimat).
734 2991 825 3032 Hac
856 2989 967 3031 enim
996 2989 1050 3042 de
1080 3004 1125 3032 re
1155 3004 1328 3044 prorsus
1359 2991 1576 3035 consentio
1607 3006 1701 3034 cum
1731 2991 1984 3045 Ribbeckio,
2026 2992 2095 3045 qui
2127 2991 2179 3034 de
2211 2991 2375 3034 ratione
2409 2990 2495 3032 vul-

180 3065 303 3116 gata:
349 3063 682 3118 „falsissin1um“,
714 3063 866 3118 inquit,
904 3068 1019 3118 „erat
1049 3068 1114 3118 et,
1156 3064 1354 3118 quoniam
1391 3079 1474 3108 non
1504 3066 1629 3109 simul
1659 3072 1698 3107 et
1730 3065 1848 3108 taciti
1879 3064 2021 3107 dolere
2052 3071 2091 3107 et
2123 3064 2262 3107 verbis
2293 3064 2494 3118 conqueri

178 3149 405 3192 possumus
434 3151 512 3181 nec
544 3140 730 3182 excitant
759 3151 926 3193 semper
956 3137 1110 3180 tacitae
1142 3153 1269 3182 curae
1289 3139 1510 3202 verborum
1537 3147 1722 3195 questus.
1782 3139 1875 3182 Hac
1901 3139 2012 3183 enim
2032 3139 2123 3183 sola
2140 3139 2302 3182 ratione
2322 3137 2494 3182 defendi

178 3222 304 3264 posse
335 3212 603 3267 copulativae
632 3213 865 3268 particulae
895 3213 938 3255 in
967 3213 1184 3256 sententiis
1214 3213 1427 3268 negativis
1456 3228 1576 3257 usum
1607 3214 1820 3268 intellego,
1846 3213 2080 3269 eodemque
2100 3213 2278 3257 redeunt
2299 3213 2494 3270 esempla
