2824 3778
405 303 557 354 mo.
571 280 860 346 sionnam
881 280 2080 356 mmmmm-muramutmeuigmt
2118 293 2445 343 futurumesoe.
2473 315 2533 324 —

358 354 610 439 wlnodum
633 354 802 421 Turnus
824 361 1077 430 postquam.-
1081 368 1248 413 animoa
1268 367 1456 416 militum
1484 369 1601 415 bom
1624 381 1715 424 spe
1726 367 1938 414 victoriae
1968 368 2207 425 conplevit,
2235 368 2308 414 illo
2334 368 2431 425 ipso
2458 368 2531 415 die

400 450 572 488 enare
599 447 644 489 et
669 457 873 502 pugnam
869 443 958 500 die
978 439 1231 504 meque-h
1257 446 1497 500 expectare
1513 453 1589 488 eos
1616 441 1748 485 iubet.

102 583 105 589 .
158 540 230 590 'j
301 519 464 578 “ture
489 534 595 578 'milii
611 534 926 596 sententiarum
948 530 1180 580 contextus
1196 544 1302 576 esse
1330 531 1521 588 videtum
1569 532 1657 575 iam
1690 531 1931 588 videamus,
1970 545 2080 588 quae
2109 532 2346 577 Ribbeekio
2382 533 2530 590 displi-

127 595 144 599 ’Δ
162 637 174 667 3
199 597 395 668 effla(-
455 607 536 652 Ae'
551 608 748 667 primum
761 605 949 665 quidem
969 605 1038 650 illi
1068 605 1208 649 minus
1235 609 1351 648 reete
1381 605 1563 648 orationi
1591 605 1777 660 videtur,
1820 619 1905 661 qua
1932 619 2121 662 pugnam
2148 606 2306 650 milites
2335 606 2530 650 omittere

154 669 452 741 iubeantur,
497 681 703 727 certandi
731 681 966 726 cohortatio
1002 678 1148 724 inseri.
1208 678 1301 723 Sed
1338 690 1594 742 quamquam
1631 680 1800 727 Turnus
1836 693 2024 736 pugnam
2058 680 2108 723 in
2147 680 2375 725 crastinum
2412 680 2527 724 diem

83 806 86 809 ,
152 749 494 811 differendam
518 763 619 800 esse
642 755 762 811 dicit,
790 759 935 801 tamen
961 752 1169 799 orationis
1198 765 1365 797 summa
1390 757 1469 809 est,
1505 757 1552 796 ut
1578 753 1735 796 milites
1763 753 1983 810 pugnandi
2014 753 2267 809 cupiditate,
2307 759 2421 798 certe
2450 767 2529 810 epe

174 819 415 874 'svietoriae
437 828 748 875 ‘incendannm
816 828 958 882 Quare
996 839 1124 884 quum
1152 826 1225 870 ille
1253 826 1388 872 lectos
1418 840 1518 870 suos
1546 826 1792 870 adhortatus
1822 840 1917 870 cum
1936 828 2014 870 his
2041 841 2091 871 se
2121 827 2304 871 affirmet
2332 832 2527 883 paratum

213 900 316 948 esee
320 897 487 949 eastra
502 901 736 946 invadere:
771 901 889 946 haec
904 896 1046 945 ducis
1060 899 1219 944 fiducia
1246 913 1385 944 nonne
1413 901 1590 944 multum
1616 900 1733 944 valet
1752 901 1809 944 ad
1828 901 2009 944 militum
2029 902 2193 945 animos
2212 900 2443 956 erigendos
2453 901 2526 957 W)
2582 927 2590 936 ·

122 964 134 976 ¹
204 974 356 1029 Quod
352 974 520 1019 demde
545 975 807 1020 Ribbeckius
833 973 1136 1031 imperatorem
1163 973 1296 1018 multo
1325 974 1477 1018 melius
1505 973 1702 1018 decuisse
1732 974 1855 1030 dicit,
1901 974 1945 1017 id
1973 974 2088 1030 quod
2117 988 2164 1019 se
2192 974 2400 1018 facturum
2431 987 2528 1018 esse

212 1044 463 1111 confideret,
511 1048 578 1093 h‘is
615 1048 758 1093 verbis
798 1045 901 1093 solis
939 1042 1125 1104 profiteri
1162 1044 1281 1103 „luce
1319 1047 1461 1104 palam
1498 1053 1659 1093 certum
1688 1052 1754 1092 est
1781 1047 1872 1104 igni
1902 1048 2167 1091 circumdare
2195 1051 2381 1091 muros“:
2411 1050 2526 1091 'sane

133 1123 138 1130 ’
194 1125 279 1183 ζῙιὶε
315 1123 458 1168 verbis
496 1124 684 1178 Turnus,
733 1121 862 1179 quod.
881 1120 940 1166 de
965 1119 1126 1178 'pugna
1156 1121 1382 1166 consilium
1420 1122 1599 1179 ceperit,
1641 1121 1823 1177 indicat3
1870 1121 1949 1166 sed
1978 1131 2054 1165 cur
2081 1136 2166 1165 non
2196 1124 2321 1165 simul
2352 1137 2398 1166 se
2429 1136 2525 1165 cum

185 1200 190 1250 J
211 1188 415 1263 lectorum
444 1210 573 1248 manu
603 1196 757 1241 vallum
787 1195 1019 1241 scissarum
1046 1195 1292 1252 promittere
1321 1196 1521 1253 poterat?
1565 1196 1664 1252 Ipse
1693 1197 1807 1239 enim
1835 1210 1931 1239 cum
1961 1196 2201 1240 fortissimis
2231 1211 2400 1240 suorum
2431 1197 2527 1239 reli-

213 1269 308 1328 quis
347 1283 501 1339 parare
536 1269 625 1314 vult
660 1268 836 1313 aditum
861 1268 994 1326 portis
1025 1269 1227 1324 effractis,
1266 1274 1312 1313 ut
1339 1269 1454 1325 apud
1480 1270 1710 1312 Homerum
1742 1270 1810 1326 (Il.
1842 1274 1903 1324 M,
1935 1272 2014 1312 445
2032 1269 2156 1344 sqq)
2187 1271 2412 1313 Hectorem
2442 1270 2526 1326 pri-

178 1363 188 1371 *
209 1358 324 1389 mum
352 1333 498 1401 portas
527 1343 752 1399 effringere
778 1342 987 1397 videmus.

374 1434 441 1478 De
469 1433 642 1489 reliquis
672 1446 781 1489 quae
809 1432 1046 1494 Ribbeckio
1075 1432 1398 1488 displicuerunt,
1436 1439 1533 1490 post
1561 1447 1615 1477 ea
1643 1447 1752 1489 quae
1780 1447 1909 1488 supra
1938 1435 2115 1490 exposui
2145 1449 2227 1477 non
2258 1435 2392 1476 multa
2421 1433 2522 1476 addi

209 1522 314 1565 opus
352 1512 429 1552 est.
465 1529 470 1532 »
496 1507 674 1552 Videtur
712 1507 826 1550 enim
855 1506 914 1552 illi
944 1506 1042 1562 ipsa
1069 1505 1238 1549 dicendi
1269 1506 1378 1549 ratio
1407 1506 1599 1550 modesta
1629 1512 1757 1563 atque
1787 1506 1963 1550 incerta.
2022 1507 2103 1559 Qui
2134 1509 2246 1551 enim
2277 1508 2521 1562 interroget,

209 1582 323 1638 quis
358 1581 571 1625 sociorum
610 1594 700 1623 rem
740 1586 939 1636 gesturus
969 1580 1041 1634 sit,
1081 1586 1182 1622 eum
1208 1585 1322 1622 certe
1350 1594 1434 1624 non
1463 1594 1612 1624 omnes
1640 1586 1813 1635 paratos
1842 1580 1932 1624 fore
1962 1580 2187 1625 confidere.
2244 1582 2353 1625 Mihi·
2377 1587 2526 1625 contra

207 1660 416 1698 summam
444 1654 578 1697 videri
609 1653 808 1696 fiduciam
836 1654 880 1695 in
911 1666 961 1696 eo
992 1652 1118 1707 cerni,
1150 1652 1262 1707 quod
1290 1653 1357 1695 vel
1388 1667 1483 1696 cum
1513 1653 1663 1709 paneis
1693 1667 1782 1697 rem
1809 1667 1960 1709 gerere
1983 1660 2158 1710 paratus
2182 1661 2259 1710 est,
2290 1656 2372 1698 iam
2395 1669 2525 1711 supra

207 1728 312 1772 dixi.
379 1724 552 1772 Scilicet¹
588 1741 673 1771 nou
712 1731 853 1782 curat,
893 1739 1018 1781 quam
1050 1725 1165 1769 multi
1198 1739 1244 1769 se
1274 1726 1456 1770 secuturi
1488 1727 1590 1782 sint3
1630 1740 1766 1782 neque
1796 1740 1841 1770 se
1872 1727 1990 1782 sequi
2021 1728 2109 1770 vult
2138 1729 2218 1772 nisi
2250 1730 2319 1785 qui
2351 1743 2523 1785 prorsus

207 1803 358 1847 eadem
396 1801 582 1845 audacia
618 1801 673 1845 sit
710 1814 794 1856 qua
832 1801 937 1855 ipse.
1005 1800 1103 1844 Noli
1140 1814 1240 1844 vero
1278 1800 1387 1843 hanc
1416 1800 1640 1844 audaciam
1671 1801 1843 1845 nimiam
1876 1800 2052 1856 ducere3
2091 1808 2209 1845 tanta
2239 1803 2351 1847 enim
2382 1804 2524 1847 Turno

207 1878 403 1934 tribuitur
431 1890 579 1920 revera
609 1875 781 1919 ferocia.
841 1874 975 1927 Quem
1004 1874 1347 1929 videmus·(inde
1377 1889 1404 1918 a
1433 1888 1494 1918 vs.
1512 1874 1626 1931 728),
1658 1876 1772 1920 solus
1801 1889 1928 1932 quum
1959 1876 2001 1918 in
2033 1882 2175 1920 castra
2204 1877 2386 1921 hostium
2417 1878 2522 1919 irru-

206 1950 324 2007 perit,
355 1951 572 2006 ingentem
604 1955 792 2005 stragem
824 1961 968 1993 eorum
998 1949 1145 2005 edere3
1187 1954 1312 2004 atque
1343 1949 1454 2004 quod
1484 1949 1553 1991 hie
1583 1951 1788 2005 promittit
1815 1950 2038 2005 quominus
2069 1951 2227 1994 efficiat
2257 1955 2320 2006 (ut
2337 1952 2524 1995 claustra

207 2029 375 2081 rumpat
402 2046 459 2051 —-
488 2024 643 2068 vallum
674 2022 860 2080 scindat)
899 2024 1143 2079 prohibetur
1182 2024 1298 2065 nulla
1327 2024 1412 2066 alia
1451 2037 1496 2065 re
1526 2038 1652 2079 quam
1683 2025 1812 2067 nimio
1843 2025 2061 2080 pugnandi
2093 2026 2242 2069 ardore
2276 2028 2376 2080 (757
2409 2026 2519 2081 sqq.)

208 2098 279 2152 qui
317 2110 413 2140 eum
451 2098 495 2140 in
531 2088 736 2140 adversos
775 2084 917 2140 hos'tes
956 2098 1058 2151 agit.
1088 2118 1144 2123 —
1186 2096 1305 2148 Quae
1345 2111 1441 2139 c-um
1471 2098 1531 2139 ita
1560 2098 1662 2152 sint,
1702 2099 1939 2153 Ladewigii
1973 2100 2215 2142 coniectura
2242 2106 2308 2154 „et
2339 2100 2433 2153 quis
2464 2121 2519 2163 -ζ

208 2184 292 2213 non
321 2170 506 2226 parat?“
543 2183 689 2213 carere
718 2183 958 2226 possumus.

372 2262 429 2303 At
464 2262 667 2305 Macrobii
707 2262 949 2305 testimonio
985 2260 1244 2303 Ribbeckius
1282 2259 1405 2302 docet
1443 2259 1572 2315 effici,
1624 2274 1771 2304 versus
1814 2263 1892 2306 146
1923 2277 1985 2318 sq.
2025 2270 2121 2319 post
2161 2265 2212 2306 72
2245 2263 2515 2307 collocandos

208 2346 316 2377 esse.
383 2334 426 2377 Is
466 2336 577 2378 enim
609 2349 735 2391 quum
765 2336 852 2379 Sat.
884 2336 931 2390 V,
962 2336 999 2389 9,
1030 2335 1055 2376 3
1086 2334 1163 2377 hos
1191 2347 1339 2376 versus
1369 2347 1421 2376 ex
1451 2333 1501 2376 Il.
1533 2338 1595 2388 M,
1626 2336 1707 2378 440
1738 2349 1798 2390 sq.
1830 2336 2077 2392 desumptos
2108 2350 2201 2380 esse
2231 2337 2388 2391 tradat,
2429 2337 2515 2380 fieri

207 2422 289 2451 non
319 2408 521 2465 potuisse,
563 2410 661 2464 quin
693 2415 789 2466 post
819 2424 880 2453 vs.
912 2412 966 2452 72
996 2409 1223 2452 collocatos
1252 2408 1470 2451 invenerit.
1530 2409 1655 2464 Apud
1685 2409 1915 2453 Homerum
1945 2416 2086 2453 autem
2118 2411 2223 2454 haec
2255 2411 2474 2466 leguntur:

739 2500 920 2561 ὄρνυσθ’
954 2502 1198 2562 ἱππόδαμοι
1234 2504 1406 2562 Τρῶες,
1453 2501 1678 2560 ῥήγνυσθε
1714 2503 1758 2546 δὲ
1792 2506 1947 2562 τεῖχος

734 2584 935 2644 Ἀργείων
973 2582 1046 2627 καὶ
1084 2582 1236 2642 νηυσὶν
1272 2582 1402 2627 ἐνίετε
1436 2583 1672 2633 θεσπιδαὲς
1706 2585 1807 2642 πῦρ.

372 2678 428 2721 Ut
456 2678 535 2721 hoc
564 2679 657 2722 loco
687 2679 846 2722 Hector
875 2693 973 2722 suos
1002 2685 1147 2734 portas
1175 2679 1371 2734 frangere
1400 2680 1661 2734 navibusque
1691 2681 1835 2735 ignem
1866 2681 2040 2723 iniicere
2071 2682 2225 2736 iubeat,
2264 2683 2324 2725 sic
2356 2696 2516 2737 versus,

206 2750 260 2793 de
299 2751 449 2804 quibus
487 2752 647 2806 agitur,
706 2751 974 2805 Vergilianos
1012 2753 1155 2797 Turno
1194 2752 1439 2797 tribuendos
1483 2765 1577 2796 esse
1624 2766 1755 2797 naves
1802 2756 2084 2811 oppugnanti,
2145 2762 2188 2797 ut
2238 2756 2299 2798 sic
2349 2757 2519 2810 legatur

206 2823 304 2868 inde
334 2839 360 2867 a
388 2838 437 2867 vs
466 2825 538 2868 69:

677 2916 858 2959 classem
973 2915 1140 2959 invadit
1169 2918 1390 2971 sociosque
1420 2915 1618 2960 incendia
1647 2917 1784 2972 poscit
1814 2917 1980 2960 ovantis

677 2994 803 3043 atque
833 3002 1002 3031 manum
1033 2989 1136 3043 pinu
1165 2989 1360 3044 flagranti
1392 2989 1581 3033 fervidus
1611 2991 1770 3045 implet.

274 3167 312 3212 *)
346 3169 391 3203 de
417 3170 559 3213 proelio
586 3172 742 3204 statim
768 3170 1023 3204 committendo
1050 3169 1108 3202 hic
1133 3180 1206 3202 non
1233 3171 1323 3214 agi,-
1346 3171 1564 3215 intelligitur
1590 3173 1697 3204 etiam
1724 3182 1766 3203 ex
1791 3182 1881 3204 voce
1909 3177 2123 3215 ‚‚apparat“.

2108 3230 2129 3262 4
2146 3230 2164 3249 ἡ(
