2824 3778
148 552 205 591 ⁵5.
227 558 266 592 4„
290 527 359 581 32..
364 517 526 578 Alter
553 542 708 584 eorum,
734 541 860 584 qnos
868 523 1331 584 tractarenoemms,
1330 523 1531 583 locorum
1551 523 1612 572 in
1629 523 1785 578 00410111
1813 525 1921 569 Aen.
1951 525 2058 569 libro
2087 525 2263 582 legitur,
2302 525 2423 568 cuius
2452 525 2549 568 libri

79 639 89 663 2
165 588 208 643 ²ss
232 604 369 664 vete.
373 601 462 651 ,486
488 588 610 647 Ribb.
639 615 722 659 em.
736 601 873 656 Verg.
901 613 943 657 p.
977 600 1029 644 12
1057 612 1155 656 sest
1173 597 1288 653 111101·
1316 598 1399 653 511
1427 601 1473 641 01
1497 596 1583 640 518
1610 598 1904 645 collocandum
1934 612 2030 643 esse
2058 600 2349 643 demonstrare
2379 599 2551 642 studuit.

121 659 125 667 ¹
178 671 384 750 {figens
410 676 550 733 enim,
560 688 672 733 quae
692 674 806 720 Dido
823 673 973 718 Annae
1001 672 1148 718 narrat
1173 670 1229 715 de
1256 670 1329 742 via
1355 670 1509 727 furoris
1538 671 1603 716 sui
1632 671 1824 716 solvendi
1853 686 1881 715 a
1909 679 1957 716 se
1983 673 2168 729 inventa,
2197 672 2298 716 inde
2327 686 2355 716 a
2382 686 2445 715 vs.
2469 672 2551 715 483

157 742 349 830 &spice
375 749 590 806 leguntur.

148 819 226 864 “J-¹2
765 819 866 866 hinc
891 819 998 872 mihi
1014 783 1251 876 Massylae
1267 818 1410 875 gentis
1439 822 1672 866 monstrata
1700 819 1912 875 sacerdos,

766 891 1226 965 110011011410111101111111
1255 896 1398 943 custos
1427 892 1658 948 epulasque
1687 892 1863 936 draconi

655 969 737 1013 485
765 981 874 1025 quae
903 966 1035 1012 4101101
1059 970 1278 1026 01000100
1306 966 1503 1016 servabat
1530 966 1575 1010 in
1603 967 1755 1014 arbore
1784 980 1937 1022 1011100,

764 1053 975 1099 spargens
1003 1022 1151 1084 umida
1178 1040 1306 1083 mella
1333 1040 1710 1097 soporiferumque
1724 1054 1925 1096 papaver.

160 1168 169 1178 ἢ
229 1146 236 1153 ·
270 1136 271 1139 ¹
378 1115 499 1173 ,13111
544 1113 788 1170 antiquitus
819 1115 868 1159 111
901 1128 963 1160 vs.
982 1113 1084 1171 486
1125 1112 1377 1169 interpretes
1415 1113 1646 1160 offendisse
1683 1114 1857 1159 Servius
1901 1119 2089 1158 testatur.
2165 1114 2393 1169 Epitheton
2433 1114 2546 1156 enim

235 1162 569 1249 ηερροιῗὶὼτιιιιιί
582 1187 679 1238 hoc
698 1188 792 1234 loco
812 1188 920 1244 ideo
947 1186 1096 1239 rideri
1111 1190 1253 1242 potest
1278 1186 1421 1243 inepte
1453 1186 1638 1244 positum
1667 1199 1776 1243 esse,
1808 1187 1909 1244 quia
1937 1186 2068 1232 draco
2097 1187 2168 1231 ille
2197 1186 2254 1231 ad
2281 1186 2550 1251 vigilantiam

91 1302 94 1303 ⁷
120 1298 134 1302 ..
235 1262 401 1321 potius
396 1248 686 1306 stimulandus
712 1260 856 1317 fuerit,
894 1266 1033 1316 quare
1042 1258 1306 1312 Schraderus
1334 1273 1510 1308 versum
1531 1258 1761 1316 damnavit,
1789 1259 2050 1305 Ribbeckius
2078 1260 2164 1304 alio
2193 1261 2286 1305 loco
2306 1261 2550 1318 ponendum

0 1331 31 1367 ἕ*
49 1329 76 1387 f
98 1329 116 1365 2·
143 1333 145 1335 ’
173 1345 187 1361 ··
238 1346 336 1381 esse
374 1333 531 1380 statuit.
576 1327 836 1390 Wagnerus
863 1338 1008 1379 autem
1035 1337 1078 1377 et
1106 1332 1400 1389 Ladewigius,
1450 1337 1496 1376 ut
1530 1332 1861 1391 ,,0011111110111111α
1895 1333 2191 1389 defenderent,
2234 1334 2330 1377 ideo
2360 1347 2549 1391 pavaver

95 1418 104 1424 ·
168 1408 176 1421 “’
238 1407 411 1457 draconi
439 1405 587 1451 datum
616 1420 711 1451 esse
739 1408 951 1464 dixerunt,
989 1411 1035 1451 ut
1061 1406 1212 1450 feritas
1240 1406 1332 1452 eius
1362 1407 1429 1450 vel
1456 1406 1706 1451 custodibus
1735 1407 1935 1456 terribilis
1964 1407 2242 1462 mitigaretur,
2271 1421 2355 1450 non
2382 1413 2427 1450 ut
2455 1408 2548 1462 ipse

234 1494 389 1538 sopore
427 1480 740 1537 opprimeretur.
806 1479 894 1539 Sed
923 1479 1037 1523 haud
1066 1480 1156 1524 scio
1185 1493 1241 1522 an
1269 1479 1376 1524 haec
1405 1480 1633 1536 explicatio
1662 1480 1788 1524 nimis
1816 1481 2109 1535 quaesita-sit.
2166 1481 2418 1524 Rectissime
2449 1495 2549 1524 vero

232 1556 291 1600 'de
320 1555 401 1599 hac
430 1567 534 1598 voce
572 1553 672 1597 mihi
711 1553 884 1610 videtur.
915 1552 1130 1609 iudicasse
1159 1553 1306 1609 Henry
1343 1553 1388 1600 iu
1416 1552 1635 1607 Leutschii
1665 1553 1869 1609 philologi
1899 1555 1983 1597 vol.
2013 1554 2119 1608 XII,
2150 1568 2190 1609 p.
2223 1555 2321 1608 263,
2363 1554 2549 1610 explica-

235 1617 392 1675 tionem
408 1628 566 1685 Heynii
594 1628 664 1671 ille
693 1632 876 1684 secutus,
905 1641 1032 1683 quam
1062 1627 1301 1674 accuratius
1326 1626 1523 1683 exposuit
1552 1632 1595 1671 et
1623 1627 1926 1684 comprobavit.
1984 1628 2049 1671 Ex
2072 1627 2195 1671 Plinii
2214 1641 2254 1670 n.
2270 1628 2548 1683 h.XIX,8‚50

238 1704 331 1760 (ubi
348 1705 548 1760 legimus:
575 1701 801 1759 papaveris
818 1701 941 1747 sativi
960 1701 1045 1746 tria
1062 1714 1238 1762 genera:
1268 1701 1505 1758 candidum,
1525 1700 1646 1746 cuius
1666 1714 1813 1746 semen
1834 1706 1990 1746 tostum
2011 1702 2056 1745 in
2078 1702 2267 1746 secunda
2284 1694 2434 1746 mensa
2453 1716 2549 1746 cum

235 1779 361 1823 melle
398 1777 512 1835 apud
549 1777 743 1833 antiquos
781 1774 982 1834 dabatur)
1020 1781 1063 1821 et
1097 1776 1199 1821 Hor.
1238 1776 1307 1821 ad.
1348 1777 1433 1820 Pis.
1471 1777 1574 1819 375:
1623 1776 1760 1820 Sardo
1802 1790 1899 1819 cum
1938 1777 2062 1820 melle
2092 1790 2283 1833 papaver
2310 1798 2367 1803 —
2396 1791 2449 1820 ex
2481 1778 2548 1821 his

234 1853 341 1901 locis
379 1852 463 1896 cibi
499 1864 633 1907 genus
666 1850 798 1895 fuisse
833 1850 948 1906 apud
990 1850 1187 1906 antiquos
1236 1850 1428 1894 videmus
1474 1863 1664 1906 papaver
1710 1864 1803 1894 cum
1853 1852 1977 1894 melle
2028 1852 2315 1894 commixtum.
2386 1852 2439 1894 Et
2479 1852 2547 1895 hic

236 1940 400 1983 quoque
438 1925 543 1969 nihil
576 1924 693 1968 aliud
732 1925 813 1969 nisi
852 1925 994 1969 cibum
1036 1925 1288 1980 significari,
1336 1938 1418 1980 quo
1456 1924 1586 1967 draco
1617 1924 1773 1979 alatur,
1814 1925 1914 1967 mihi
1947 1930 2093 1981 patere
2122 1925 2292 1968 videtur
2322 1939 2374 1968 ex
2406 1926 2547 1968 verbis

233 1999 406 2054 „epulas
436 1998 603 2042 dabat⁴‘.
658 1998 998 2055 „Soporiferum“
1024 1998 1155 2054 igitur
1183 1999 1262 2042 hoc
1292 1999 1385 2042 loco
1415 2003 1480 2041 est
1509 1997 1724 2054 epitheton
1755 2011 1910 2040 ornans
1941 1998 2014 2053 (cf.
2047 1998 2098 2040 G.
2130 1999 2198 2052 IV,
2237 2001 2317 2041 545
2356 1999 2548 2041 Lethaea

233 2084 464 2128 papavera.
530 2070 564 2115 Ι.
603 2071 656 2116 78
691 2070 879 2116 Lethaeo
917 2071 1089 2128 perfusa
1124 2083 1342 2128 papavera
1371 2071 1570 2127 somno),¹
1598 2071 1710 2126 quod
1741 2071 1907 2116 addidit
1937 2076 2061 2126 pocta
2091 2073 2387 2114 concinnitatis
2418 2087 2549 2115 causa

235 2144 458 2200 orationis,
497 2158 623 2200 quum
664 2145 790 2190 mella
817 2144 1012 2201 „umida“
1039 2150 1248 2189 vocasset.
1315 2145 1438 2197 Quod
1466 2146 1501 2188 si
1532 2146 1626 2200 quis
1656 2151 1824 2201 poetam
1855 2146 1939 2187 alio
1970 2146 2157 2200 epitheto
2188 2147 2344 2188 rectius
2375 2160 2545 2188 usurum

233 2217 366 2263 fuisse
405 2217 639 2274 existimat,
679 2218 769 2286 hoc·
790 2218 960 2274 quidem
992 2218 1329 2273 concedendum;
1374 2218 1452 2261 sed
1479 2218 1715 2274 Vergilium
1747 2214 1873 2261 etiam
1904 2219 2011 2260 alias
2042 2233 2123 2260 non
2155 2225 2243 2260 tam
2274 2226 2472 2261 accurate
2503 2221 2546 2262 in

233 2291 455 2346 elegendis
483 2292 683 2349 epithetis
714 2298 925 2337 versatum
957 2305 1053 2337 esse
1071 2293 1183 2336 idem
1205 2293 1351 2348 Henry
1370 2292 1676 2337 demonstravit
1699 2294 1851 2336 collato
1873 2307 1935 2335 vs.
1955 2294 2030 2348 XI,
2056 2294 2145 2347 195,
2176 2294 2246 2335 ubi
2278 2278 2547 2348 poeta'rotas

214 2379 317 2409 ·n0n
356 2365 590 2411 concitatas
627 2371 770 2411 tamen
806 2365 1059 2422 „ferventis“
1095 2371 1231 2410 vocat.
1301 2365 1497 2409 Ceterum
1538 2366 1575 2432 si
1611 2379 1759 2409 versus
1798 2380 1848 2409 eo
1886 2368 1997 2421 loco,
2042 2381 2122 2421 quo
2153 2367 2415 2410 Ribbeckius
2448 2369 2545 2421 vult,

234 2438 480 2494 collocetur,
529 2452 582 2483 ne
620 2439 681 2483 sic
718 2440 888 2495 quidem
927 2440 1045 2484 vocis
1078 2439 1408 2496 „soporiferum“
1443 2441 1530 2484 alia
1564 2441 1628 2483 vis
1668 2453 1763 2483 esse
1802 2441 1948 2497 possit.
2016 2442 2127 2483 Nam
2169 2441 2281 2495 quod
2320 2442 2391 2484 ille
2422 2456 2461 2496 p.
2498 2443 2547 2484 14

231 2511 443 2557 Didonem
492 2512 546 2555 de
592 2512 776 2557 Cerbero
824 2513 1035 2569 placando
1086 2505 1299 2570 cogitasse
1348 2513 1481 2557 'videri
1529 2514 1653 2570 dicit,
1714 2515 1759 2557 id
1805 2520 1848 2557 ut
1897 2515 2093 2569 cuiquam
2152 2516 2323 2570 probet,
2383 2529 2545 2559 vereor.

231 2586 458 2630 Praeterea
485 2590 626 2630 autem
646 2584 720 2640 (cf.
739 2585 878 2640 Serv.)
899 2586 986 2646 dici
1015 2578 1155 2642 potest
1185 2587 1398 2631 diversam
1417 2600 1512 2631 esse
1533 2594 1726 2631 naturam
1745 2588 1941 2630 draconis
1964 2589 2018 2630 ab
2044 2589 2237 2643 humana,
2269 2596 2312 2631 ut
2333 2603 2546 2644 papavere

232 2659 302 2703 ille
341 2673 425 2703 non
462 2663 507 2703 ut
545 2658 735 2704 homines
771 2659 972 2715 sopiatur.
1048 2659 1112 2704 Cf.
1142 2661 1282 2705 Valer.
1311 2662 1375 2704 Fl.
1405 2662 1437 2717 I,
1468 2662 1521 2708 60
1552 2675 1614 2717 sq.
1645 2661 1850 2716 dracone,
1892 2674 2016 2715 quem
2135 2664 2317 2705 vocabat
2346 2670 2387 2705 et
2417 2663 2547 2706 dabat

232 2733 426 2778 hesterno
464 2733 635 2776 liventia
674 2733 802 2776 mella
837 2745 1014 2777 veneno.
1093 2735 1177 2778 Ubi
1215 2735 1442 2779 draconem
1480 2735 1601 2778 vides
1640 2735 1769 2777 etiam
1808 2748 1971 2777 veneno
2010 2736 2086 2790 ali,
2144 2737 2256 2791 quod
2305 2737 2546 2801 hominibus

231 2806 360 2851 exitio
391 2819 517 2863 quum
547 2805 613 2861 sit,
642 2805 704 2849 illi
731 2810 873 2850 tamen
903 2820 986 2849 non
1016 2813 1154 2851 nocet.

396 2880 455 2925 Ut
481 2880 524 2924 in
553 2879 618 2923 his
647 2879 884 2923 Ribbeckio
914 2881 1112 2924 assentiri
1142 2895 1227 2926 non
1255 2897 1438 2939 possum,
1467 2884 1528 2925 ita
1555 2888 1668 2925 recte
1698 2882 1812 2924 idem
1833 2883 1878 2924 in
1900 2883 1982 2925 alia
2002 2896 2046 2925 re
2068 2884 2254 2937 offendit,
2285 2884 2328 2925 in
2349 2897 2434 2937 qua
2453 2883 2548 2926 reli-

230 2966 336 3008 quos
386 2953 637 3009 interpretes
686 2966 767 2996 non
818 2953 1009 2997 haesisse
1054 2954 1196 2997 miror.
1265 2956 1472 3008 Quoniam
1510 2957 1619 2999 enim
1660 2957 1789 2998 verba
1827 2969 2061 3010 „spargens
2100 2978 2156 2982 —
2194 2958 2410 3012 papaver“
2450 2971 2543 2999 cum

226 3026 485 3081 „epulasque
527 3026 700 3069 draconi
731 3038 840 3081 quae
877 3025 1031 3069 dabat“
1071 3028 1370 3083 coniungenda
1409 3033 1524 3084 sunt,
1567 3043 1693 3083 quam
1722 3029 2042 3083 interponantur
2071 3030 2336 3073 incommode
2368 3037 2545 3085 apparet

227 3098 302 3142 illa
338 3104 407 3154 ,,01
446 3112 592 3144 0001·οο
622 3099 819 3143 servabat
846 3099 890 3141 in
920 3099 1070 3142 arbore
1100 3102 1279 3144 ramos“.
1338 3103 1487 3157 Neque
1517 3103 1691 3145 multum
1722 3101 1867 3158 profici
1898 3115 2023 3145 versu
2054 3102 2135 3145 486
2165 3109 2263 3146 ante
2295 3103 2375 3146 485
2406 3103 2543 3158 posito

227 3172 339 3216 idem
371 3186 498 3228 quum
528 3173 791 3229 intellexerit,
822 3178 963 3216 tamen
994 3172 1122 3215 etiam
1152 3186 1277 3217 versu
1307 3174 1376 3217 hic
1407 3175 1565 3219 omisso
1596 3175 1742 3218 vitium
1773 3189 1991 3219 remanere
2022 3176 2124 3218 mihi
2155 3177 2333 3220 videtur.
2392 3177 2540 3220 Sacer-
