2824 3778
171 1041 178 1047 .
245 981 318 1025 nio
347 984 392 1024 et
422 979 639 1035 Wagnero
668 979 906 1034 damnatur,
935 978 1048 1022 unde
1076 976 1282 1022 Hosidius
1310 990 1373 1021 vs.
1403 977 1488 1021 280
1515 978 1649 1021 verba
1675 977 1806 1033 „dare
1824 978 1972 1022 lintea
1993 980 2145 1023 retr0“
2157 979 2367 1036 petivit.

173 505 183 515 ι
245 426 374 504 534)
418 460 476 494 en
511 446 616 506 quid
652 459 762 505 ago,
800 445 872 493 ubi
901 446 1114 505 Donatus:
1161 445 1247 493 heu
1275 444 1380 503 quid
1406 434 1551 510 again.
1614 459 1682 518 νε.
1695 430 1802 501 332
1821 420 1907 503 (6·
1901 420 2008 504 m,
2028 421 2236 514 ⁴149),g
2259 500 2311 519 ἡ

246 535 345 567 cum
386 524 598 583 ΜΡΒγο,
638 520 710 565 ubi
751 520 959 576 „iivaque
995 520 1227 576 sulphura“
1260 520 1351 580 bx,
1388 518 1591 575 Masi-ob„
1627 519 1762 577 Serv„
1788 520 1895 566 Mat.
1923 518 2046 577 vict,
2071 516 2150 577 qm
2165 513 2353 571 mu

243 595 376 642 novit.
433 609 496 640 vs.
526 594 610 639 375
639 593 750 651 (VII,
779 594 883 647 555)
912 591 1126 656 coniugia,
1153 592 1226 637 ubi
1256 592 1427 637 Mentel.
1455 604 1519 649 pr.
1548 613 1609 655 χ,
1646 593 1770 639 Serv.
1799 593 2003 651 exempl:
2038 572 2258 655 conubia.
2319 590 2324 596 '
2420 588 2433 618 '³'

382 685 568 743 ,Neque
606 683 652 729 id
691 682 993 740 omittendum,
1038 681 1155 740 quod
1183 682 1387 729 Hosidius
1425 683 1649 730 nonnullos
1685 696 1835 730 versus
1861 685 1907 731 in
1935 698 2013 732 suo
2041 669 2272 745 exemplati
2301 664 2435 742 legit,
2433 671 2601 751 quq(

244 759 364 805 fuere
402 758 475 816 qui
513 759 570 804 ab
597 758 788 815 Vergilio
825 757 1040 816 profectos
1078 769 1176 803 esse
1213 761 1435 815 negarent.
1502 769 1565 803 vs.
1594 757 1622 802 9
1652 770 1707 803 ex
1735 757 1806 815 IV,
1842 757 1896 804 21
1938 757 2197 832 desumpsit,
2234 770 2366 816 quem
2400 759 2594 815 veum

245 832 570 891 Peerlkampius
607 832 807 889 damnat3
859 845 922 877 vs.
958 831 1011 876 81
1045 836 1089 876 et
1116 832 1170 875 95
1200 843 1255 875 ex
1283 832 1392 875 Aen.
1421 831 1492 887 IV,
1522 832 1579 876 52
1606 841 1694 888 sqq
1721 844 1829 889 qnos
1856 831 1973 878 idem
2001 830 2100 879 eiiei
2128 832 2241 883 vuit,
2258 831 2330 878 νε.“-
2348 833 2406 879 95
2433 820 2604 890 altera,

245 920 348 964 pars
378 919 431 951 ex
462 907 569 951 Aen.
598 906 647 962 V,
676 906 772 962 285,
801 905 916 962 quod
945 903 1258 949 hemistichium
1286 904 1571 949 Schwenckio
1600 904 1867 962 displicebat.
1924 901 1987 950 νε.
2016 906 2125 951 Aen.
2153 905 2231 962 ΙΠ,
2256 904 2344 957 686
2371 904 2439 986 ab
2455 904 2593 967 qu

417 1069 613 1125 Denique
651 1069 845 1113 omittere
883 1070 1033 1123 nolim,
1072 1068 1185 1124 quod
1212 1082 1275 1112 vs.
1306 1069 1391 1111 362
1418 1067 1676 1112 Salmasiani
1706 1068 1919 1125 scriptura
1946 1068 1984 1113 ei
2015 1069 2180 1113 rationi
2196 1069 2334 1125 favet,
2370 1068 2514 1142 quam
2515 1073 2573 1113 et

168 1176 174 1180 .
210 1167 226 1175 ο
247 1143 321 1187 illo
350 1143 444 1186 loco
474 1145 559 1195 (est
587 1144 696 1186 Aen.
724 1139 819 1198 vn,
850 1144 952 1197 562)
983 1147 1026 1185 et
1054 1142 1125 1197 Vl,
1155 1143 1250 1196 241,
1279 1141 1375 1195 750,
1405 1141 1502 1183 788.
1531 1141 1586 1195 X,
1616 1141 1696 1183 251
1726 1141 1987 1185 Ribbeckius
2015 1147 2187 1187 secutus
2216 1146 2298 1197 est,
2336 1154 2479 1198 quum
2489 1152 2571 1199 pro
2595 1179 2602 1187 .
2631 1185 2638 1194 ξ
2671 1170 2681 1180 .

246 1216 454 1272 „supera‘⁴
482 1216 595 1271 quod
623 1217 754 1272 vulgo
783 1215 999 1270 edebatur,
1027 1215 1210 1272 „super“
1236 1214 1420 1269 scripsit.
1487 1214 1539 1256 In
1567 1212 1699 1257 Salm.
1728 1214 1841 1257 enim
1871 1219 2008 1258 extat:
2047 1227 2176 1272 super
2203 1213 2337 1259 ardua
2364 1211 2572 1284 linquens,
2598 1221 2600 1224 ’
2643 1192 2675 1268 Ns
2738 1261 2758 1270 „i
2771 1251 2823 1270 2

248 1295 293 1334 ut
331 1290 461 1333 etiam
500 1289 546 1332 in
585 1292 678 1333 MR
717 1289 779 1345 (P
814 1287 899 1332 def.
903 1287 932 1343 ),
972 1301 1128 1344 supera
1163 1308 1206 1347 γ.
1264 1288 1414 1342 Neque
1452 1299 1612 1342 negare
1651 1299 1877 1342 possumus
1917 1288 2113 1332 omnibus
2148 1288 2215 1333 his
2242 1279 2349 1333 locis
2377 1288 2572 1334 codicum
2618 1351 2626 1354 ᾖ
2667 1270 2824 1350 wi,

247 1362 517 1423 antiquorum
547 1362 781 1418 scripturas
810 1374 885 1406 eas
915 1373 1022 1417 esse,
1053 1365 1099 1405 ut
1127 1361 1359 1417 antiquitus
1386 1360 1586 1448 „super“Sl
1592 1360 1797 1417 scriptum
1824 1359 1956 1406 fuisse
1987 1362 2236 1406 verisimile
2243 1362 2310 1407 sit.
2340 1382 2397 1390 —
2425 1375 2488 1407 νε.
2515 1361 2579 1407 71,
2775 1351 2824 1371 '³

249 1437 360 1494 (vn,
390 1435 495 1493 339)
524 1436 655 1480 Salm.
686 1435 863 1491 praebet
890 1435 1110 1491 ,‚dissice“,
1140 1441 1185 1479 ut
1214 1435 1375 1497 Βγιιψ.
1411 1438 1479 1478 M:
1519 1419 1679 1489 digiae,
1735 1434 1850 1479 unde
1876 1435 2136 1481 Ribbeckius
2172 1436 2382 1493 „dissice“
2417 1435 2573 1493 posuit,

247 1510 533 1566 improbatum
558 1509 665 1552 illud
694 1522 722 1552 a
751 1509 978 1564 Wagnero,
1021 1509 1207 1564 orthogr.
1236 1507 1366 1563 Verg.
1396 1521 1439 1564 p.
1470 1508 1565 1551 4451

418 1600 559 1655 Atque
596 1599 703 1642 haec
741 1599 913 1654 quidem
942 1600 1148 1643 hactenus
1178 1598 1232 1642 de
1261 1599 1429 1643 Hosidii
1460 1598 1713 1642 lectionibus
1742 1612 1839 1641 cum
1868 1599 2088 1644 codicibus
2110 1601 2274 1656 ,nostris
2303 1600 2570 1657 comparatis.
2605 1606 2611 1611 “

248 1673 340 1717 Iam
379 1672 435 1716 de
474 1673 537 1717 eis
577 1672 827 1728 dicendum,
874 1687 983 1729 quae
1013 1672 1129 1728 apud
1158 1671 1384 1716 Hosidjum
1413 1673 1683 1715 inveniuntur
1712 1686 1849 1728 neque
1878 1674 1921 1716 in
1950 1659 2171 1717 codicibus
2200 1674 2383 1729 antiquis
2412 1678 2571 1717 extant.

249 1746 344 1798 Qua
383 1746 425 1788 in
466 1759 513 1789 re
552 1746 597 1789 id
639 1746 877 1802 agendum,
911 1752 960 1790 ut
990 1751 1189 1789 accurate
1218 1746 1533 1800 distinguamus
1562 1759 1632 1802 ea,
1672 1759 1782 1801 quae
1818 1747 1912 1802 ipse
1941 1747 2171 1790 mutavisse
2201 1747 2367 1791 videtur
2395 1752 2436 1791 et
2464 1759 2571 1802 quae

248 1820 410 1864 librarii
442 1820 484 1863 in
518 1820 610 1864 eius
641 1820 772 1863 verba
801 1819 1043 1874 intulerunt,
1073 1820 1129 1864 ab
1159 1820 1232 1874 eis,
1263 1832 1372 1874 quae
1401 1819 1443 1862 in
1474 1833 1551 1863 suo
1581 1820 1815 1876 exemplari
1844 1820 2057 1863 invenisse
2085 1820 2293 1863 videatur.
2361 1821 2472 1864 Nam
2500 1820 2585 1876 illq
2648 1873 2656 1880 ο

249 1907 505 1949 quamquam
547 1894 591 1936 in
627 1893 933 1949 componendis
969 1893 1162 1937 versibus
1191 1893 1451 1948 Vergilianis
1481 1893 1543 1936 ita
1575 1897 1762 1936 versatus
1791 1899 1874 1948 est,
1914 1898 1960 1936 ut
1987 1894 2232 1949 plerumque
2262 1893 2367 1936 nihil
2395 1898 2577 1948 mutaret¹
2692 1910 2698 1923 ›
2738 1942 2741 1943 ⁷
2774 1898 2794 1954 ἢ

251 1980 388 2022 neque
429 1966 663 2010 sententias
701 1966 801 2010 inde
831 1972 947 2010 ortas
977 1966 1132 2009 vitaret
1161 1965 1228 2008 vel
1257 1965 1600 2019 absurdissimas,
1631 1971 1771 2009 tamen
1801 1980 2115 2021 nonnumquam
2146 1967 2210 2009 vel
2241 1979 2295 2009 ne
2323 1979 2432 2020 quae
2462 1979 2572 2009 com·
2746 1957 2773 1971 '⁶'

250 2036 425 2097 poneret
454 2054 628 2097 prorsus
659 2040 804 2097 inepta
832 2039 1079 2084 viderentur
1107 2039 1173 2083 vel
1204 2045 1247 2083 ut
1276 2039 1399 2083 metri
1429 2040 1679 2095 consuleret,
1710 2039 1911 2084 nonnulla
1939 2045 2101 2084 mutare
2131 2045 2305 2084 coactus
2334 2044 2411 2083 est.

420 2116 543 2159 Metri
584 2128 715 2159 causa
752 2114 838 2172 (cui
877 2113 994 2157 illum
1023 2127 1106 2157 non
1137 2126 1306 2169 semper
1335 2119 1380 2157 ut
1410 2128 1490 2170 par
1518 2119 1610 2158 erat
1639 2114 1903 2158 consuluisse
1932 2114 2017 2158 iam
2047 2129 2177 2171 supra
2206 2113 2405 2169 vidimus)
2435 2127 2575 2170 pauca

251 2189 447 2232 mutavit.
506 2203 569 2233 vs.
604 2189 652 2232 11
687 2188 810 2245 (VII,
848 2188 951 2244 303)
979 2187 1235 2243 „profuerit“
1264 2188 1436 2243 scripsit
1464 2201 1539 2244 pro
1568 2188 1785 2244 „profuit“.
1842 2202 1904 2232 νε.
1935 2189 2013 2231 221
2047 2188 2172 2242 (Aen.
2202 2191 2266 2242 VI,
2297 2187 2397 2243 526)
2426 2199 2574 2230 vocem

250 2265 517 2318 „magnum“,
558 2276 620 2306 vs.
666 2262 745 2304 113
787 2261 913 2318 (Aen.
953 2265 1025 2316 IV,
1068 2260 1142 2317 57)
1170 2262 1356 2316 „lectas“
1386 2262 1539 2305 omisit.
1599 2275 1660 2305 vs.
1690 2262 1772 2305 385
1803 2261 2055 2318 particulam
2087 2266 2135 2304 et
2164 2260 2342 2304 addidit.
2401 2274 2461 2304 vs.
2491 2260 2574 2303 437
2615 2291 2618 2293 ,

253 2336 380 2394 (Aen.
412 2339 482 2391 ΙΠ,
512 2335 616 2390 654)
648 2335 873 2379 verborum
904 2334 1096 2378 ordinem
1128 2347 1210 2378 non
1241 2334 1439 2377 servavit.

422 2431 553 2474 Multo
584 2432 759 2487 saepius
790 2445 816 2474 a
840 2431 1002 2486 Vergili
1033 2430 1176 2474 verbis
1205 2431 1396 2485 recessit,
1426 2436 1472 2474 ut
1501 2431 1757 2474 sententiam
1786 2431 1995 2487 aptiorem
2025 2430 2224 2474 efficeret.
2283 2444 2345 2474 vs.
2378 2430 2457 2473 109
2487 2433 2576 2485 (IX,

252 2507 356 2559 225)
398 2504 556 2558 „corda
596 2505 728 2547 oblita
770 2506 1006 2547 tuorum“
1043 2519 1129 2560 pro.
1156 2505 1398 2547 laborum
1422 2504 1598 2560 posuit,
1649 2518 1711 2547 νε.
1744 2505 1824 2547 148
1854 2508 1921 2558 (II,
1956 2505 2075 2558 119):
2114 2517 2223 2560 quae
2252 2517 2335 2546 vox
2365 2503 2577 2559 pervenit

252 2578 309 2623 ad
348 2591 476 2622 auras
518 2592 595 2634 pro
637 2582 722 2632 „ut
761 2578 915 2621 venit“.
983 2591 1046 2621 vs.
1091 2577 1171 2621 168
1211 2580 1306 2632 (ΠΙ,
1352 2578 1455 2633 459)
1493 2584 1561 2633 „et
1601 2592 1849 2634 quocunque
1878 2577 2029 2621 modo“
2055 2592 2132 2634 pro
2160 2582 2227 2632 „et
2256 2590 2337 2632 quo
2368 2589 2575 2632 quemque

252 2652 418 2697 modo“.
479 2666 539 2697 vs.
573 2652 654 2695 190
685 2652 758 2705 (G.
789 2655 818 2707 Ι,
848 2652 951 2706 396)
983 2656 1035 2695 et
1065 2665 1141 2707 pro
1172 2665 1283 2695 nec.
1344 2667 1406 2697 vs.
1440 2652 1519 2696 199
1550 2652 1677 2707 (Aen.
1698 2657 1763 2706 VI,
1783 2653 1857 2707 51)
1887 2653 1971 2696 iam
2001 2651 2199 2708 propiore
2228 2651 2308 2694 deo
2338 2651 2420 2705 (sic
2433 2652 2575 2694 Burm.

254 2726 407 2771 Salm.:
456 2726 542 2769 iam
584 2725 807 2782 propriora
848 2725 939 2780 die)
980 2738 1057 2781 pro
1085 2725 1196 2780 „iam
1226 2726 1424 2783 propiore
1453 2726 1549 2770 dei“
1577 2725 1633 2769 ib.
1665 2739 1718 2769 ex
1746 2726 1854 2769 Aen.
1885 2730 1950 2781 IV,
1981 2727 2058 2769 451
2089 2725 2255 2781 „nescis
2283 2724 2368 2769 heu
2397 2724 2576 2780 perdita,

253 2800 457 2853 nescis,
512 2800 584 2842 ubi
625 2799 741 2855 apud
771 2803 919 2853 Verg.:
956 2798 1152 2848 necdum.
1183 2819 1239 2825 —
1296 2814 1358 2843 vs.
1388 2802 1471 2843 222
1502 2795 1656 2854 (G.'11,
1686 2800 1760 2853 46)
1791 2800 1937 2843 iussa
1964 2813 2041 2855 pro
2069 2799 2242 2854 longa.
2300 2812 2363 2842 νε.
2393 2798 2476 2840 240
2506 2799 2577 2852 (Χ,

253 2874 328 2926 44)
359 2873 599 2926 miseris,
643 2873 715 2915 ubi
757 2871 870 2927 quod
908 2872 1002 2915 loco
1032 2872 1277 2927 Vergiliano
1306 2873 1469 2916 invenit
1498 2873 1703 2929 scriptum
1731 2872 1959 2927 „Teucris“
1986 2886 2158 2929 prorsus
2187 2872 2371 2915 alienum
2396 2875 2499 2920 erat,
2520 2870 2577 2913 ab

253 2954 505 3001 argumento
535 2948 741 2990 centonis.
800 2960 863 2990 vs.
894 2947 976 2988 334
1004 2952 1074 3001 „et
1103 2960 1185 2989 non
1216 2947 1490 2991 memorabile
1520 2948 1722 3002 numen“;
1761 2947 1866 2989 Aen.
1897 2950 1946 3000 ΙΙ,
1977 2947 2078 2989 583:
2116 2946 2276 2992 nullum
2304 2939 2577 2989 memorabile

254 3022 445 3064 nomen“.
505 3035 567 3064 vs.
587 3022 670 3083 370
691 3021 758 3075 (V,
782 3021 884 3074 716)
904 3020 1047 3063 omisit
1067 3034 1216 3064 vocem
1234 3026 1327 3063 est.
1366 3034 1429 3063 vs.
1461 3021 1539 3063 411
1574 3023 1697 3074 (VIII,
1727 3022 1829 3074 612)
1861 3020 1961 3062 tibi
1990 3033 2067 3076 pro
2098 3019 2209 3061 mei.
2264 3032 2324 3062 vs.
2345 3019 2423 3062 421
2449 3019 2577 3075 (Aen.

253 3098 299 3148 V,
338 3094 441 3149 683)
481 3107 557 3149 pro
595 3093 870 3149 „descendit“
905 3093 1090 3136 scribere
1129 3094 1275 3136 maluit
1312 3092 1635 3149 „descendere“,
1674 3097 1720 3135 ut
1755 3093 1834 3137 hoc
1873 3093 2127 3136 vocabulum
2167 3090 2443 3148 coniungeret
2480 3105 2577 3136 cum

254 3182 401 3211 versus
431 3169 614 3224 proximi
644 3169 781 3225 prima
810 3181 916 3211 voce
945 3168 1155 3223 „incipit“.
1214 3172 1284 3210 Vs.
1306 3169 1389 3210 362
1409 3169 1512 3222 (VII,
1534 3168 1636 3222 651)
1657 3180 1733 3222 pro
1762 3168 1967 3222 „attollit“
1994 3165 2166 3221 scripsit
2194 3166 2414 3210 attollens“
2443 3164 2578 3222 (quod
