2824 3778
951 262 954 267 ,
1009 210 1101 259 et
1114 224 1292 272 yooem
1286 170 1426 257 irinc
1463 216 1507 256 et
1541 197 1901 269 „asportare“
1935 172 2037 271 (boc
2065 210 2180 268 enim
2208 209 2411 259 sibi-vult
2440 210 2543 258 sori·

510 309 529 329 9*
606 286 722 348 ‚3.“)'
708 302 762 335 ιιι
779 299 877 338 suo
883 283 1139 347 ampuri
1150 284 1385 342 invenisse,
1424 299 1552 343 quum
1590 290 1810 343 utramque
1836 299 1986 332 vocem
2015 285 2265 365 Wagner-us
2289 284 2544 335 eiiciendam

425 358 482 421 §ti
501 348 617 419 Μὴ
632 363 834 423 orationis
859 347 1018 418 ᾧὲιιιιι
1022 355 1252 413 efficiatur.

403 410 517 502 uici>-r
516 439 562 479 te
600 436 797 498 (tomitem
827 439 1004 492 portare
1043 432 1248 497 Crepsam
1284 433 1366 490 (sio
1402 433 1448 476 in
1483 431 1649 476 duobus
1676 431 1943 488 Moretanis).
2013 430 2198 474 Codices
2225 430 2448 487 fluctuant3
2490 435 2545 477 P:

353 557 363 564 ‚
398 511 408 517 ”
440 502 568 553 ‘sinac
603 493 842 581 asportare.-
905 498 977 551 M:
1022 505 1223 559 'comitem
1258 506 1358 550 hinc
1384 510 1555 563 portare
1585 504 1719 561 (quod
1747 504 1920 547 Ladew.
1950 502 2146 560 recepit).
2203 503 2464 549 Ribbeekius
2492 519 2547 550 ea

392 581 395 583 ’
405 593 541 637 quae
574 582 620 627 in
634 574 768 635 cod.
778 579 987 624 Barnensi
1013 574 1200 635 exstant,
1244 592 1354 636 quae
1383 578 1535 622 eadem
1562 577 1739 621 Servius
1767 576 2099 632 commendavit,
2138 576 2254 634 apud
2282 590 2408 632 quem
2438 577 2545 622 haee

275 642 454 721 guntur.
492 655 587 718 „liic
623 665 773 699 versus
809 657 927 696 caret
964 652 1205 696 scansione:
1252 651 1366 696 unde
1401 650 1521 694 multi
1562 650 1603 694 ei
1639 651 1690 693 hi
1703 663 1785 705 nc,
1826 650 1945 693 multi
1975 663 2034 693 as
2064 650 2272 706 syllabam
2302 649 2543 695 detrahunt.

291 728 463 774 :ttamen
499 728 565 774 vis
599 718 684 772 fide
711 729 882 771 servata
910 725 1134 782 scandere,
1162 725 1236 771 fiat
1263 724 1502 769 conversio.
1537 724 1747 779 eveniunt,
1787 736 1867 767 nec
1895 728 1937 766 te
1966 722 2066 766 hinc
2095 723 2292 767 comitem
2323 729 2545 780 asportare

312 794 515 850 'usam-‘⁴
541 799 715 846 Servius
752 798 883 854 igitur
910 811 964 843 ea
990 798 1167 855 invenit,
1206 812 1314 855 quae
1342 798 1389 841 in
1421 801 1459 842 P
1482 801 1647 853 extant,
1684 809 1819 852 neque
1848 797 1972 840 aliter
2000 795 2206 853 scriptum
2234 796 2345 841 hunc
2374 810 2544 842 versum

210 867 395 933 ir'legisse
427 858 598 929 „videtur
631 871 855 928 Hosidius,
905 872 976 929 qui
1015 885 1069 916 ex
1106 885 1159 916 eo
1196 872 1373 915 alteram
1411 875 1573 914 tantum
1602 875 1765 926 partem
1794 870 1918 925 „hinc
1932 875 2166 937 'asportare
2196 869 2427 914 Creusam“
2455 872 2545 916 suis

237 946 445 1005 inseruit-r
491 945 572 1000 Qui
609 945 690 990 nisi
720 945 782 989 ita
808 945 996 1001 legisset,
1026 945 1118 989 sine
1147 944 1277 988 dubio
1306 942 1567 1000 scripsisset:
1604 956 1772 999 possem
1803 943 1999 987 comitem
2028 945 2248 1000 asportare
2277 943 2496 988 Creusam.
2500 946 2543 996 ὃ1)

239 1065 255 1072 ,
401 1020 539 1076 Atque
576 1018 686 1063 hanc
724 1033 850 1062 unam
889 1018 1113 1062 lectionem
1154 1018 1303 1063 Servio
1341 1016 1478 1061 visam
1523 1030 1619 1061 esse
1659 1016 1852 1061 codicum
1890 1016 2141 1062 auctoritate
2182 1017 2286 1062 satis
2324 1017 2544 1075 firmatam,

219 1070 452 1153 ,apparet
453 1106 507 1137 ex
543 1092 685 1138 verbis
720 1092 812 1136 eius
837 1090 947 1148 „fide
975 1092 1188 1147 servata“;
1226 1090 1324 1134 illas
1353 1090 1466 1133 enim
1494 1090 1698 1134 lectiones
1725 1090 1948 1146 „comitem
1977 1092 2224 1145 asportare“
2251 1097 2293 1134 et
2319 1092 2544 1147 „comitem

236 1161 356 1216 lunc
369 1167 563 1223 portare“
597 1179 652 1209 ex
689 1165 831 1209 studio
866 1163 1121 1215 emendandi
1159 1177 1309 1207 versus
1347 1168 1462 1207 ortas
1499 1176 1595 1207 esse
1632 1164 1749 1207 dicit.
1817 1162 1936 1215 Quae
1973 1176 2100 1217 quum
2129 1163 2192 1206 ita
2220 1164 2320 1219 sint,
2360 1165 2544 1209 Medicei

234 1240 361 1284 lectio
373 1239 584 1297 „portati“
601 1238 781 1282 dubitari
800 1242 951 1294 potest,
972 1251 1073 1281 num
1090 1236 1300 1281 eiusmodi
1321 1236 1583 1280 emendatori
1607 1236 1825 1280 debeatur.
1828 1235 1897 1289 fl)
1947 1234 2108 1287 Quodsi
2124 1236 2306 1281 Palatini
2324 1238 2544 1294 scriptura,

86 1297 149 1359 ,Ἣ
178 1317 179 1320 ’
215 1317 365 1371 vquam
402 1312 648 1358 confirmant
684 1311 849 1355 Hosidii
889 1315 932 1354 et
960 1310 1097 1355 Servii
1135 1310 1395 1366 testimonia,
1439 1324 1516 1366 pro
1545 1309 1842 1366 antiquissima
1870 1308 2068 1353 habenda
2097 1317 2172 1364 est,
2210 1310 2322 1354 unde
2352 1311 2546 1366 quaestio

90 1374 100 1384 “
212 1387 447 1445 >proficisci
487 1387 661 1441 debeat,
703 1390 820 1428 recte
859 1383 959 1427 mihi
995 1383 1163 1427 videtur
1189 1384 1449 1428 Ribbeckius
1477 1384 1611 1428 Servii
1648 1383 1865 1439 recepisse
1894 1382 2247 1428 emendationem.
2307 1383 2548 1440 Wagnerus

239 1460 411 1517 quidem
439 1472 537 1503 vere
566 1459 773 1517 poeticam
803 1458 1028 1501 lectionem
1057 1456 1160 1500 dicit
1189 1470 1284 1525 eam
1314 1471 1420 1512 esse,
1460 1471 1586 1513 quam
1616 1456 1700 1501 duo
1717 1456 1922 1500 Moretani
1953 1462 2227 1500 servaverunt
2253 1462 2319 1512 „te
2349 1458 2544 1501 comitem

237 1538 406 1589 portare
426 1532 671 1587 Creusam“;
711 1530 951 1586 explicandi
982 1543 1083 1573 vero
1113 1543 1246 1573 causa
1273 1529 1392 1573 hinc
1420 1530 1476 1573 ab
1505 1530 1601 1573 aliis
1631 1529 1835 1584 additum,
1866 1530 1920 1572 ab
1944 1529 2041 1573 aliis
2059 1533 2330 1586 „asportare“
2348 1531 2545 1585 positum.

183 1625 185 1627 ¹
238 1606 333 1662 Ego
371 1605 494 1649 aliter
529 1604 583 1647 de
622 1604 689 1646 his
724 1603 865 1646 verbis
904 1602 1061 1645 iudico.
1128 1602 1240 1644 Nam
1270 1615 1347 1644 sua
1374 1602 1414 1644 vi
1445 1602 1547 1644 mihi
1578 1602 1719 1657 posita
1749 1601 1941 1644 videntur
1970 1608 2012 1644 et
2041 1602 2158 1644 hinc
2190 1608 2231 1645 et
2258 1610 2545 1658 asportare,

238 1679 394 1735 quippe
423 1678 575 1733 quibus
604 1677 762 1720 indicet
791 1676 968 1730 Creusa,
999 1675 1078 1718 sibi
1108 1675 1225 1718 illam
1254 1675 1390 1730 ipsam
1419 1681 1575 1718 terram
1604 1679 1820 1729 tamquam
1852 1674 1996 1717 sedem
2027 1680 2069 1718 et
2099 1674 2357 1719 domicilium
2387 1674 2546 1732 deberi,

238 1752 351 1798 unde
380 1751 416 1795 si
446 1751 539 1806 quis
568 1764 614 1794 se
644 1751 771 1794 alium
800 1750 844 1792 in
873 1750 1009 1792 locum
1040 1748 1251 1791 abducere
1280 1748 1395 1803 velit,
1424 1761 1520 1790 eum
1549 1763 1634 1792 non
1663 1749 1771 1792 bene
1800 1748 1941 1791 fac'ere
1972 1762 2108 1802 neque
2137 1747 2182 1791 id
2212 1749 2248 1791 ci
2280 1747 2421 1793 licere.
2480 1749 2545 1793 Cf.

137 1858 142 1864 .
206 1833 300 1870 ·vs.
318 1825 421 1869 788:
461 1823 538 1868 sed
566 1837 634 1868 me
664 1836 823 1879 magna
851 1821 976 1865 deum
1006 1820 1201 1877 genetrix
1231 1820 1309 1864 his
1339 1820 1500 1864 detinet
1529 1822 1628 1866 oris.
1687 1822 1824 1876 (Serv.
1846 1821 1902 1864 ad
1929 1822 1969 1864 h.
1990 1836 2047 1864 v.:
2086 1822 2153 1877 „in
2180 1822 2331 1877 quibus
2354 1823 2545 1866 colitur.“

214 1899 409 1955 -Heynez
443 1897 633 1953 „videtur
661 1896 800 1939 innui:
837 1910 865 1939 a
892 1896 1051 1951 Cybele
1082 1908 1175 1939 eam
1206 1895 1249 1938 in
1279 1895 1533 1939 consortium
1563 1909 1657 1940 esse
1688 1901 1949 1951 assumptam
1979 1901 2205 1951 tamquam·
2224 1897 2469 1953 Nympham
2500 1898 2542 1940 in

236 1971 375 2027 patrio
416 1970 518 2015 solo
523 1971 562 2024 “)
629 1969 908 2021 Quamobrem
949 1968 1147 2024 quoniam
1182 1970 1450 2024 „asportare“
1491 1969 1800 2024 significantius
1837 1967 1915 2011 hoc
1955 1968 2048 2012 loco
2089 1974 2169 2023 est,
2215 1983 2339 2025 quam
2370 1971 2544 2021 verbum

236 2043 428 2100 simplex,
457 2044 501 2086 in
528 2043 601 2086 illa
630 2056 675 2087 re
705 2056 788 2086 non
819 2046 1035 2097 tantopere
1065 2041 1324 2097 offenderim,
1355 2041 1466 2097 quod
1496 2042 1575 2085 hoc
1604 2042 1776 2085 verbum
1809 2041 1852 2084 in
1882 2056 2010 2097 prosa
2039 2043 2227 2086 oratione
2257 2043 2450 2086 usitatius
2481 2049 2545 2087 est

237 2130 363 2174 quam
392 2115 506 2173 apud
534 2121 692 2173 poetas.
696 2116 791 2172 ἱΗΗξ)

306 2301 342 2344 *)
374 2301 494 2334 Burm.
528 2302 672 2345 quidem
706 2306 820 2335 totum
853 2311 998 2333 versum
1029 2301 1098 2334 243
1129 2302 1181 2333 sic
1215 2301 1467 2343 corrigendum
1500 2305 1623 2343 putat:
1659 2302 1851 2343 auspiciis;
1883 2312 2028 2344 possem
2052 2301 2136 2333 hinc
2162 2303 2327 2334 comitem
2355 2307 2544 2346 asportare

376 2358 560 2392 Creusam.
617 2360 688 2393 Sed
721 2370 846 2393 versus
884 2362 1046 2399 constat,
1083 2359 1114 2390 si
1147 2359 1341 2392 Hosidium
1373 2360 1467 2391 inter
1501 2361 1692 2402 „possem“
1728 2362 1764 2392 et
1798 2358 1927 2399 „hinc⁴‘
1962 2358 2098 2391 hiatum
2125 2365 2326 2393 statuamus
2354 2360 2544 2394 admisisse

376 2414 496 2458 talem,
521 2415 664 2460 qualem
688 2416 833 2450 admisit
856 2426 908 2449 vs.
933 2415 997 2450 54:
1030 2414 1184 2448 invisum
1210 2420 1245 2448 et
1269 2425 1343 2448 non
1367 2416 1517 2448 innoxia
1542 2416 1666 2448 verba.
1670 2463 1691 2494 d

284 2508 344 2553 **)
377 2508 423 2543 cf.
448 2509 537 2551 XII,
562 2508 648 2551 709,
680 2509 742 2544 ubi
769 2511 832 2546 M:
873 2509 1068 2545 decernere
1109 2508 1237 2553 (metro
1270 2511 1529 2554 repugnante).
1586 2509 1635 2545 P:
1657 2474 1837 2543 ’.αξιιιεια
1878 2509 1994 2544 Serva
2033 2520 2180 2543 cernere
2212 2521 2299 2544 vera
2331 2515 2366 2544 et
2392 2512 2543 2554 antiqua

375 2566 465 2600 haec
492 2570 546 2601 est
570 2567 678 2601 lectio
705 2593 713 2601 .
739 2592 748 2603 .
775 2594 783 2603 .
809 2569 1005 2612 posteritas
1031 2568 1152 2612 coepit
1176 2568 1332 2612 legere,
1336 2572 1384 2609 ,et
1409 2568 1636 2601 decernere&
1687 2568 1758 2601 Ubi
1784 2568 1886 2600 vides
1912 2580 2021 2601 verae
2047 2570 2215 2601 lectionis
2243 2571 2400 2613 vestigia
2420 2577 2543 2603 extare

375 2625 412 2658 in
440 2624 481 2659 P.

261 2686 344 2732 ***)
377 2687 548 2721 Similiter
580 2689 632 2721 eis
664 2688 775 2729 locis,
809 2689 940 2731 quibus
967 2689 1214 2730 Quintilianus
1238 2698 1364 2720 versus
1389 2688 1620 2731 Vergilianos
1647 2689 1769 2729 affert,
1805 2700 1849 2721 ea
1874 2700 1967 2731 quae
1993 2691 2091 2733 apud
2117 2692 2381 2731 Quintilianum
2407 2695 2543 2730 extant,

374 2746 505 2789 partim
530 2756 610 2778 cum
628 2747 683 2787 M,
707 2747 839 2789 partim
864 2756 945 2778 cum
967 2747 1000 2780 P
1023 2746 1265 2781 consentiunt.
1312 2746 1360 2778 Et
1383 2746 1455 2778 iam
1479 2746 1577 2779 illius
1604 2751 1724 2779 aetate
1755 2748 1971 2790 scripturam
1995 2748 2247 2791 Vergilianam
2272 2759 2543 2791 nonnumquam

376 2813 487 2847 prave
518 2803 741 2835 immutatam
774 2814 853 2836 esse
887 2804 1011 2835 neseio
1045 2814 1092 2835 an
1115 2807 1214 2836 recte
1244 2804 1482 2837 concludatur
1507 2805 1591 2837 iude
1617 2805 1716 2846 quod
1743 2805 1894 2845 Quintil.
1920 2806 2025 2846 VIII,
2051 2807 2090 2846 6,
2115 2806 2161 2839 46
2185 2816 2327 2838 versum
2354 2806 2374 2839 9
2401 2807 2465 2839 ecl.
2491 2807 2543 2839 IX

376 2860 428 2894 sic
454 2859 575 2901 affert,
615 2864 655 2893 ut
677 2860 715 2893 in
741 2861 773 2896 P
796 2861 952 2904 scriptus
979 2863 1096 2893 extatt
1135 2863 1270 2895 veteris
1295 2863 1366 2895 iam
1391 2862 1508 2896 fracta
1533 2863 1721 2895 cacumina
1747 2863 1844 2906 fagi;
1884 2862 1945 2895 ubi
1971 2873 2080 2906 quum
2107 2863 2152 2897 M
2176 2864 2352 2907 praebeat
2379 2868 2545 2904 „veteres

377 2919 519 2964 fagos“,
544 2907 652 2960 recte,
679 2919 807 2963 opinor
832 2918 989 2952 editores
1015 2917 1085 2951 hoe
1108 2919 1361 2962 praetulerunt
1393 2920 1532 2964 (Ribb.:
1559 2919 1604 2953 cf.
1621 2919 1668 2961 ΙΙ,
1687 2919 1708 2954 3
1734 2920 1829 2961 inter
1850 2920 1983 2954 densas
2000 2921 2173 2954 umbrosa
2193 2922 2382 2954 cacumina
2401 2922 2535 2966 fagos.)

376 2975 580 3020 Wagnerus
612 2977 761 3010 alteram
794 2976 988 3009 lectionem
1021 2979 1138 3009 ortam
1164 2987 1244 3011 esse
1270 2979 1398 3012 statuit
1423 2989 1466 3011 ex
1491 2979 1671 3022 scriptura
1697 2980 1896 3020 „veteris“3
1930 2979 2016 3011 mihi
2041 2980 2158 3024 magis
2184 2980 2375 3023 probabile
2401 2980 2545 3013 videtur

377 3035 617 3078 appositionis
652 3035 928 3069 collocationem
961 3034 1087 3078 paullo
1121 3035 1395 3069 insolentiorem
1426 3036 1585 3069 librariis
1617 3047 1743 3069 ansam
1777 3037 1921 3070 dedisse
1946 3038 2109 3071 mutandi
2143 3038 2262 3080 (cuius
2289 3038 2545 3071 collocationis

376 3091 466 3125 haec
492 3093 537 3126 cs.
565 3093 745 3138 exempla:
785 3092 861 3125 Ecl.
888 3092 920 3132 I,
951 3090 998 3126 58
1029 3102 1162 3125 raucae
1188 3096 1253 3125 tua
1278 3104 1366 3126 cura
1389 3095 1592 3138 palumbes,
1642 3095 1683 3129 G.
1709 3096 1760 3136 II,
1797 3095 1862 3130 146
1887 3096 2045 3128 maxima
2069 3096 2194 3128 laurus
2220 3096 2376 3129 victima.
2403 3097 2449 3129 ib.
2475 3094 2546 3130 385

374 3150 527 3184 Ausonii
551 3151 662 3185 TrOia
687 3162 776 3197 gens
801 3151 912 3184 missa
938 3150 1069 3183 coloni.
1116 3150 1207 3184 Aen.
1232 3150 1262 3192 1,
1286 3150 1375 3186 435:
1407 3153 1580 3196 ignavom
1606 3152 1710 3186 fucos
1735 3153 1888 3197 pecus.)-

2481 74 2556 128 13
2764 129 2774 138 ,

2420 152 2423 159 ,
