2824 3778
991 1162 1065 1234 lle
1100 1171 1281 1236 Medea
1318 1174 1529 1233 centone
1563 1170 1872 1251 Vergiliano.

1179 1287 1343 1334 (Anthol.
1367 1287 1492 1321 Burm.
1510 1288 1547 1330 1,
1575 1288 1668 1333 178.)

441 1401 739 1494 Centonibus
777 1447 1009 1493 tractandis
1048 1447 1288 1504 quicunque
1326 1458 1373 1492 se
1411 1447 1627 1504 profitetur
1666 1460 1838 1504 operam
1877 1446 2071 1502 dedisse,
2117 1459 2214 1491 eum
2253 1459 2390 1502 paene
2418 1449 2588 1502 oportet

270 1534 482 1569 excusare
517 1534 625 1579 opus
655 1526 917 1577 susceptum:
960 1524 1048 1565 tam
1079 1519 1206 1570 enim,
1220 1519 1424 1565 insulsum
1455 1525 1498 1566 et
1525 1521 1715 1578 ineptum
1745 1520 1825 1566 hoc
1855 1520 2088 1565 carminum
2118 1533 2254 1576 genus
2284 1532 2380 1564 esse
2405 1518 2586 1575 videtur,

266 1601 312 1643 ut
339 1595 565 1653 indignum
594 1594 827 1653 putandum
857 1594 924 1650 sit,
953 1593 995 1637 in
1026 1605 1108 1650 quo
1138 1592 1234 1650 quis
1264 1593 1450 1639 studium
1480 1594 1672 1639 collocet.
1729 1594 1882 1650 Neque
1901 1594 2021 1651 haec,
2050 1593 2105 1638 de
2125 1607 2210 1649 qua
2226 1593 2459 1649 scripturus
2476 1606 2583 1648 sum,

262 1669 421 1715 Medea
448 1668 624 1713 maioris
654 1667 893 1723 cuiusdam,
932 1680 1015 1722 qua
1043 1670 1211 1725 ceteros
1240 1666 1447 1712 eiusmodi
1478 1672 1680 1712 centones
1710 1672 1902 1724 superet,
1941 1667 2182 1724 elegantiae
2211 1667 2340 1710 habet
2374 1678 2586 1710 commen·

206 1736 211 1741 ’
265 1731 496 1787 dationem.
565 1742 664 1785 Alia
702 1746 844 1784 autem
881 1754 951 1784 res
990 1744 1037 1783 ut
1075 1740 1193 1783 illam
1233 1745 1416 1784 tractare
1454 1742 1639 1784 animum
1678 1736 1923 1785 inducerem
1952 1754 2021 1783 me
2050 1740 2289 1800 commovit.
2348 1740 2441 1783 Hoc
2470 1740 2583 1782 enim

266 1830 440 1862 carmen
481 1815 682 1872 quoniam
721 1818 763 1858 et
801 1817 1026 1858 centonum
1062 1813 1131 1871 qui
1170 1813 1294 1858 nobis
1330 1813 1599 1859 innotuerunt
1625 1815 1965 1870 antiquissimum
1995 1819 2038 1858 et
2065 1814 2110 1857 in
2138 1827 2312 1857 numero
2342 1813 2583 1856 habendum

267 1894 332 1933 est
360 1889 696 1945 testimoniorum
728 1887 782 1930 de
810 1886 971 1943 Vergili
1002 1886 1144 1930 verbis
1174 1886 1581 1943 antiquissimorum,
1619 1889 1816 1933 omnibus
1846 1887 2066 1931 codicibus
2094 1887 2317 1930 vetustius:
2359 1886 2456 1930 ideo
2486 1899 2585 1942 ope-

263 1975 339 2017 rae
369 1962 551 2017 pretium
581 1974 678 2005 esse
707 1960 809 2002 mihi
840 1960 1074 2014 videbatur,
1104 1959 1150 2002 id
1179 1960 1293 2014 quod
1321 1960 1461 2003 adhuc
1491 1962 1732 2016 neglectum
1751 1966 1864 2015 'erat,
1892 1960 2147 2015 perquirere,
2176 1973 2276 2002 num
2307 1973 2361 2003 ex
2386 1960 2467 2003 hoc
2488 1972 2586 2003 cen-

261 2039 367 2078 tone
397 2034 559 2090 aliquid
588 2034 685 2078 elici
714 2038 859 2090 posset
888 2034 924 2077 si
954 2047 1039 2076 non
1068 2033 1126 2076 ad
1154 2033 1469 2078 emendandum
1497 2040 1667 2090 textum,
1707 2035 1780 2090 qui
1809 2034 1973 2089 dicitur,
2007 2034 2317 2089 Vergilianum,
2355 2038 2495 2076 tamen
2527 2033 2583 2076 ad

265 2108 357 2152 eius
385 2095 604 2151 historiam
634 2107 875 2150 accuratius
904 2106 1263 2161 cognoscendam.

435 2181 558 2232 Quod
598 2186 741 2223 autem
776 2181 888 2223 hunc
929 2185 1150 2223 centonem
1188 2180 1409 2223 codicibus
1449 2181 1756 2236 antiquissimis
1783 2181 2055 2224 vetustiorem
2084 2192 2180 2223 esse
2210 2179 2300 2222 dixi
2330 2179 2390 2236 (h.
2421 2193 2458 2222 e.
2489 2192 2585 2222 cen—

263 2259 410 2298 tonem
440 2254 720 2309 compositum
751 2268 846 2297 esse
875 2255 1121 2309 priusquam
1140 2254 1313 2296 codices
1332 2255 1462 2297 nostri
1478 2255 1713 2309 Vergiliani
1731 2255 1879 2310 scripti
1898 2254 2071 2309 essent),
2100 2267 2356 2308 quamquam
2374 2254 2417 2295 in
2434 2254 2586 2296 codice

265 2327 534 2372 Salmasiano
553 2327 597 2384 ⁴⁶)
638 2341 691 2370 ne
731 2341 884 2370 nomen
925 2327 1096 2383 quidem
1127 2327 1314 2370 auctoris
1344 2332 1478 2383 extat,
1518 2332 1661 2370 tamen
1689 2328 1735 2370 id
1763 2328 1957 2371 homines
1986 2327 2099 2370 docti
2130 2327 2374 2370 coniectura
2400 2327 2588 2371 assecuti

266 2405 377 2445 sunt.
443 2400 582 2452 Quum
618 2401 730 2443 enim
770 2400 1059 2443 Tertullianus
1094 2400 1149 2443 de
1185 2412 1370 2455 praescr.
1399 2400 1558 2443 haeret.
1590 2414 1626 2444 c.
1657 2400 1712 2443 39
1741 2401 1848 2444 haec
1878 2401 2041 2443 tradat:
2077 2400 2224 2456 „vides
2253 2399 2381 2443 hodie
2410 2413 2464 2443 ex
2492 2401 2586 2443 Vir·

266 2473 370 2529 gilio
400 2472 588 2517 fabulam
617 2473 663 2516 in
691 2477 823 2517 totum
854 2474 983 2517 aliam
1013 2473 1223 2530 componi,
1251 2474 1431 2517 materia
1453 2473 1684 2518 secundum
1707 2487 1865 2530 versus,
1896 2474 2089 2518 versibus
2108 2473 2341 2517 secundum
2362 2473 2585 2518 materiam

267 2546 544 2593 concinnatis.
610 2546 807 2603 Denique
838 2547 1041 2592 Hosidius
1070 2548 1183 2592 Geta
1196 2546 1266 2605 me)
1290 2547 1488 2592 Medeam
1517 2547 1784 2604 tragoediam
1812 2561 1866 2592 ex
1890 2548 2070 2604 Virgilio
2099 2547 2346 2604 plenissime
2375 2548 2585 2592 exsuxit“:

266 2620 459 2666 homines
488 2621 605 2664 docti
635 2621 748 2673 hanc>
774 2621 981 2676 Medeam,
1009 2635 1121 2676 quae
1150 2623 1195 2665 in
1224 2623 1374 2666 codice
1403 2623 1671 2667 Salmasiano
1698 2623 1921 2677 invenitur,
1948 2623 2066 2664 illam
2094 2622 2291 2665 Medeam
2327 2635 2454 2678 quam
2484 2623 2587 2665 Ter—

213 2754 216 2759 (
266 2694 465 2739 tullianus
504 2694 585 2738 sibi
626 2700 769 2739 notam
808 2694 940 2739 fuisse
978 2695 1098 2751 dicit,
1147 2710 1299 2741 revera
1337 2710 1434 2741 esse
1473 2702 1720 2741 statuerunt.
1785 2698 1840 2741 Et
1876 2702 1991 2740 recte
2028 2687 2126 2740 mea
2161 2696 2332 2752 quidem
2361 2696 2585 2740 sententia.

266 2769 379 2812 Nam
415 2768 596 2812 eandem
631 2782 721 2812 rem
759 2774 846 2812 tam
886 2770 1075 2825 ineptam
1111 2771 1210 2827 plus
1246 2772 1379 2815 semel
1415 2777 1657 2828 susceptam
1696 2785 1791 2815 esse
1820 2772 1892 2814 vix
1921 2776 1987 2815 est
2015 2771 2232 2831 credibile.
2289 2770 2417 2813 Plura
2446 2775 2586 2813 autem

268 2847 341 2885 aut
369 2842 424 2885 de
454 2842 654 2885 carminis
683 2846 856 2885 auctore
886 2850 959 2885 aut
987 2843 1041 2885 de
1071 2848 1271 2899 tempore,
1310 2858 1393 2899 quo
1423 2850 1545 2888 cento
1575 2845 1759 2900 scriptus
1789 2846 1860 2900 sit,
1899 2844 2176 2900 supersedere
2205 2857 2429 2899 possumus
2460 2856 2587 2898 quae-

213 2956 217 2962 .
267 2928 375 2959 rere.
432 2915 497 2959 cf.
529 2916 756 2959 Burmann.
786 2915 843 2958 ad
871 2914 1041 2959 Anthol.
1070 2916 1103 2971 Ι,
1132 2930 1174 2973 p.
1207 2917 1289 2960 149
1319 2931 1381 2974 sq.
1439 2919 1598 2976 Meyer,
1627 2918 1796 2962 Anthol.
1827 2919 1859 2973 I,
1889 2931 1930 2974 p.
1961 2917 2116 2972 XXVI,
2146 2923 2189 2961 et
2217 2921 2420 2961 annotatt.
2451 2930 2492 2973 p.
2516 2915 2586 2960 98.

338 3110 371 3156 ²)
405 3112 448 3146 In
475 3123 518 3147 eo
545 3113 642 3147 enim
666 3113 760 3148 libro
795 3099 905 3157 (Bibl.
930 3113 1044 3147 Paris.
1071 3113 1153 3147 cod.
1178 3113 1242 3147 lat.
1268 3124 1329 3148 110.
1358 3112 1487 3158 10318)
1521 3114 1545 3148 f.
1570 3115 1726 3151 26-43
1750 3115 1809 3148 hic
1835 3120 1941 3149 cento
1968 3115 2114 3160 legitur.

315 3179 375 3227 **)
409 3181 463 3215 sic
489 3182 588 3227 apud
613 3183 878 3218 Tertullianum
903 3182 1134 3217 scribendum
1160 3193 1240 3217 esse
1264 3183 1419 3217 videtur.
