2824 3778
326 403 353 436 τ,
375 384 508 444 vs.
503 366 589 455 2¹3
625 386 756 432 haec
794 400 824 432 a
849 369 1095 431 Exn-manno
1132 384 1312 431 eiectum
1348 386 1522 431 retineri
1549 383 1709 429 malim.
1777 357 1881 428 Post
1909 396 1971 428 vs.
2001 383 2057 427 40
2092 383 2253 439 aliqmd
2290 383 2559 429 intercidisse

240 466 349 518 m
378 459 514 520 ffid
527 461 722 523 quidem
738 458 996 516 verisimile3
1043 458 1122 504 sed
1160 459 1262 517 quid
1299 474 1353 505 ex
1392 459 1584 514 Vergilio
1619 457 1864 503 addendum
1905 457 1978 513 sit,
2024 456 2131 501 nihil
2168 458 2318 502 attinet
2353 458 2560 514 quaeYere

239 539 503 605 (Bm
530 540 705 583 auctore
732 534 933 590 Meyerus
960 525 1138 578 inseruit
1165 547 1219 577 ex
1246 536 1353 578 Aen.
1375 532 1476 588 VII,
1510 533 1608 576 111:
1642 531 1867 586 medioque
1898 543 1951 575 ex
1982 532 2103 576 hoste
2133 531 2327 588 recepit).

367 607 493 655 V-s
508 610 564 654 64
593 612 637 652 et
664 608 718 651 65
747 606 860 650 iusto
889 605 1105 649 breviores
1135 605 1462 662 Oudendorpius
1489 603 1663 648 insertis
1692 604 1868 648 vocibus
1898 606 1953 648 ab
1983 605 2089 649 locis
2119 604 2377 661 Vergilianis
2406 604 2558 679 alienis

165 676 167 678 ’
222 638 473 748 ,emendare
501 686 679 728 conatus
707 684 795 742 es};
834 678 912 724 sed
940 677 1038 723 vide
1069 693 1176 735 quae
1205 679 1287 724 hac
1316 678 1371 723 de
1399 687 1447 722 re
1476 691 1606 734 supra
1633 677 1833 722 diximus.

251 757 253 759 ’
407 756 481 800 Vs.
510 755 587 798 70:
629 767 685 798 ne
713 757 812 809 pete
842 751 1034 796 conubiis
1062 757 1218 817 natam.
1275 752 1349 797 Sic
1375 751 1507 796 Salm.
1538 755 1581 794 et
1611 751 1673 794 sic
1699 751 1826 805 Verg.
1847 752 1954 794 Aen
1975 750 2067 806 VII,
2097 752 2166 796 96.
2223 710 2559 802 Medenbachius

209 836 213 840 “
242 819 448 884 wakker,
476 840 604 884 quem
633 826 840 882 Meyerus
862 829 1033 869 secutus
1062 829 1139 869 est.
1169 829 1337 869 natum
1369 823 1499 869 scribi
1529 824 1631 868 vult.
1688 824 1855 880 „Verba
1870 826 1901 879 “,
1941 823 2096 879 inquit,
2135 829 2266 879 „sunt
2294 823 2472 867 Medeae
2502 824 2559 868 ad

241 902 464 959 Creontem
493 898 718 954 monentis,
747 911 801 941 ne
830 897 987 942 sineret
1014 897 1218 942 Creusam
1246 896 1391 941 Iasoni
1422 897 1464 940 in
1494 897 1808 941 matrimonium
1838 897 2022 940 venire.“
2085 897 2188 939 Mihi
2219 902 2359 940 autem
2391 898 2559 940 videtur

240 961 436 1032 ‚,nan“
473 971 729 1018 servandum
766 983 878 1016 esse.
935 971 1044 1015 Nam
1072 970 1250 1016 verbum
1276 971 1425 1026 „pete“
1452 969 1658 1015 Hosidius
1687 970 1828 1027 posuit
1858 983 1910 1014 ea
1939 969 2270 1026 significatione,
2313 977 2358 1014 ut
2388 971 2441 1014 sit
2470 970 2559 1015 fere

240 1048 375 1109 idem,
415 1044 530 1102 quod
563 1043 867 1102 ,‚aggredere“.
931 1043 1100 1089 indicat
1117 1038 1242 1089 'enim
1271 1041 1443 1099 Medea,
1480 1044 1651 1100 nuptias
1681 1044 1778 1089 illas
1808 1044 1938 1088 exitio
1967 1044 2058 1088 fore
2087 1043 2275 1087 Creusae
2306 1043 2379 1101 (of.
2410 1057 2472 1088 vs.
2504 1044 2554 1087 71

189 1130 207 1152 Χ*
239 1121 471 1204 „miserere
498 1117 725 1176 tuorum“).

409 1194 482 1239 Vs.
511 1194 580 1238 81.
629 1191 680 1237 In
710 1196 904 1249 corrupta
927 1192 1056 1238 Salm.
1085 1191 1271 1236 lectione
1298 1189 1426 1248 „dum
1454 1191 1610 1248 pelago
1639 1190 1807 1237 desevit
1836 1195 1898 1248 te,
1934 1191 2048 1236 idem
2077 1191 2198 1246 latet,
2229 1191 2343 1249 quod
2362 1192 2469 1237 Aen.
2488 1192 2557 1249 IV,

166 1321 171 1328 ¹
242 1271 299 1316 52
328 1271 467 1315 extat:
503 1248 696 1312 desaevit
725 1265 871 1311 hiems.
937 1267 987 1310 In
1018 1265 1161 1311 verbis
1188 1265 1303 1310 enim
1329 1265 1550 1323 „desaevit
1577 1265 1713 1310 hiems
1743 1266 1970 1310 miserere“
1997 1265 2123 1310 facile
2153 1265 2273 1311 vides
2304 1266 2380 1310 hoc
2411 1266 2558 1310 vitium

244 1342 346 1390 oriri
378 1340 593 1399 potuisse3
638 1353 715 1384 nec
742 1340 969 1396 probabile,
1001 1338 1115 1396 quod
1142 1339 1316 1384 Mabille
1347 1340 1539 1396 coniecit,
1566 1341 1795 1396 „tempus“.

408 1415 486 1460 Vs.
516 1414 586 1458 83.
616 1413 756 1457 Βιιιιιι.
788 1418 840 1457 et
867 1418 962 1470 post
991 1413 1206 1469 gessimus
1235 1412 1414 1457 addidit.

408 1486 481 1532 Vs.
527 1486 605 1530 114
644 1486 766 1544 (Aen.
805 1486 875 1542 IV,
913 1485 986 1543 58)
1026 1486 1318 1542 „Foeboque“.
1356 1486 1485 1531 Salm.
1550 1486 1601 1529 In
1642 1486 1828 1530 editione
1858 1487 2019 1543 Meyeri
2059 1486 2270 1542 particula
2300 1500 2396 1543 que
2426 1501 2557 1544 prave

242 1562 401 1608 omissa
421 1565 500 1606 est.
552 1560 654 1604 Post
674 1572 842 1604 versum
866 1559 944 1603 130
963 1560 1232 1604 Burmannus
1251 1559 1508 1605 Scriverium
1530 1564 1700 1610 secutus
1722 1560 1940 1605 asteriscis
1960 1560 2110 1617 positis
2131 1559 2210 1604 sibi
2234 1560 2438 1604 indicavit
2458 1575 2558 1606 non-

240 1636 361 1680 nulla
385 1634 520 1679 videri
553 1633 838 1677 intercidisse.
895 1633 982 1678 Sed
1011 1634 1155 1678 omnia
1176 1639 1290 1678 recte
1310 1635 1557 1690 procedunt.
1615 1634 1774 1678 Malum
1796 1635 1906 1678 enim
1929 1635 2168 1690 nuptiarum
2189 1640 2383 1678 eventum
2405 1636 2559 1680 chorus

240 1708 467 1765 ominatur,
497 1713 542 1752 ut
573 1707 749 1752 vesania
778 1707 818 1751 ei
847 1697 1042 1751 videatur
1071 1707 1235 1751 laetitia
1265 1707 1443 1764 civium3
1472 1707 1628 1752 deinde
1660 1708 1740 1765 (vs.
1776 1708 1849 1752 131
1885 1709 1996 1765 sqq.)
2028 1709 2224 1765 exempla
2254 1722 2397 1752 eorum
2427 1708 2557 1765 addit,

241 1782 310 1838 qui
342 1782 505 1825 maiora
533 1781 671 1824 conati
702 1780 911 1824 audaciae
940 1794 1102 1837 poenas
1132 1780 1327 1826 dederint
1356 1782 1675 1837 acerbissimas,
1705 1783 1921 1838 Marsyae,
1951 1783 2080 1838 Icari,
2111 1783 2300 1826 Penthei.
2360 1784 2557 1826 Ceterum

239 1854 579 1910 Oudendorpius,
611 1868 673 1897 vs.
707 1854 784 1897 134
813 1867 958 1909 „ramo
986 1853 1210 1898 frondente
1239 1855 1469 1911 pependit“
1485 1856 1684 1911 Marsyae
1695 1869 1882 1912 poenam
1908 1855 2094 1900 describi
2116 1871 2242 1912 quum
2264 1870 2359 1900 eum
2379 1857 2556 1913 fugeret,

239 1930 350 1974 hunc
379 1942 551 1972 versum
580 1934 679 1984 post
707 1942 769 1971 νε.
804 1928 879 1971 141
913 1928 1013 1984 poni
1046 1929 1138 1972 sine
1168 1929 1279 1972 iusta
1308 1943 1439 1973 causa
1468 1929 1648 1973 volebat.

404 2002 478 2045 Vs.
522 2003 613 2045 166.
654 2015 706 2044 ex
748 2002 877 2056 Verg.
917 2003 1025 2044 Aen.
1064 2002 1163 2056 VII,
1204 2004 1285 2046 317
1326 2003 1420 2046 hac
1460 2003 1730 2055 scribendum
1769 2018 1862 2048 esse
1899 2004 2095 2048 Medenb.
2136 2005 2290 2048 Wakk.
2322 2005 2436 2048 vidit.
2507 2006 2553 2048 In

239 2073 388 2117 eodem
429 2082 572 2117 autem
612 2088 737 2118 versu
775 2061 851 2129 pro
883 2074 1070 2128 „suasit“
1110 2088 1163 2118 ex
1192 2076 1299 2118 Aen.
1328 2075 1360 2130 Ι,
1388 2077 1481 2131 357,
1513 2077 1711 2132 quoniam
1742 2078 1871 2121 Salm.
1901 2077 2093 2131 „suadit“
2122 2079 2317 2133 praebet,
2357 2078 2560 2133 „suadet“.

237 2146 511 2190 scribendum
553 2161 649 2191 esse
688 2161 817 2203 supra
852 2146 956 2189 dixi.

405 2235 465 2263 vs.
500 2221 591 2264 191.
633 2221 676 2263 in
707 2221 859 2265 Salm.:
906 2220 1050 2264 Media
1079 2221 1160 2264 fert
1190 2221 1323 2265 tristis
1353 2236 1478 2266 sucos
1507 2222 1725 2277 nigrisque
1756 2223 1913 2267 infecte
1943 2224 2129 2268 venenis.

403 2295 669 2336 Burmannus
699 2294 971 2348 „nigrisque“
1000 2295 1112 2349 quod
1142 2295 1255 2350 apud
1284 2295 1518 2349 Vergilium
1546 2311 1631 2339 non
1660 2298 1890 2351 invenitur,
1923 2298 2064 2351 eiecit,
2096 2298 2291 2341 Medenb.
2321 2298 2476 2340 Wakk.
2509 2305 2551 2340 et

235 2366 435 2421 Meyerus
464 2367 680 2422 „Media“;
721 2381 829 2421 quae
860 2368 981 2423 ratio,
1011 2369 1046 2412 si
1078 2369 1332 2413 sententiam
1361 2369 1624 2425 respicimus,
1653 2371 1936 2426 praeferenda
1965 2386 2058 2415 esse
2090 2371 2267 2414 videtur.

405 2439 478 2482 Vs.
514 2440 612 2483 196:
652 2441 868 2484 eveniunt.
929 2447 1045 2485 tante
1074 2455 1141 2485 me
1173 2443 1208 2486 si
1238 2448 1281 2485 te
1312 2451 1514 2498 ceperunt
1543 2444 1690 2487 taedia
1718 2444 1871 2488 laudis.

403 2511 474 2555 Sic
504 2512 633 2556 Salm.
693 2513 821 2565 Quod
851 2513 961 2557 hunc
991 2514 1034 2557 'm
1065 2514 1234 2557 modum
1265 2516 1405 2559 Burni.
1438 2522 1479 2559 et
1507 2517 1705 2572 Meyerus
1736 2523 2023 2561 mutaverunt:

402 2585 615 2628 eveniunt.
675 2585 709 2629 si
742 2591 783 2629 te
815 2591 896 2629 etc.

402 2658 489 2702 Sed
518 2673 604 2702 non
634 2659 801 2714 dubito,
832 2660 932 2714 quin
964 2660 1026 2704 sic
1056 2661 1198 2717 potius
1228 2661 1498 2705 scribendum
1528 2661 1603 2705 sit:

852 2734 1065 2776 eveniunt.

848 2812 967 2850 tanta
995 2821 1116 2850 meae
1148 2808 1182 2850 si
1214 2813 1255 2851 te
1286 2814 1365 2851 etc.
1399 2808 1575 2865 (Georg.
1608 2809 1676 2863 IV,
1707 2810 1823 2864 332).

400 2877 541 2921 Etiam
571 2892 632 2921 vs.
664 2880 746 2921 254
777 2893 925 2924 versus
956 2881 1203 2925 dimidiatus
1232 2882 1276 2924 in
1306 2882 1398 2926 cod.
1429 2883 1557 2926 Salm.
1589 2883 1839 2927 coniunctus
1870 2891 1935 2926 est
1965 2898 2058 2927 cum
2089 2884 2281 2939 proximo
2311 2899 2448 2928 versu.

354 2976 361 2984 ·
400 2965 463 2994 vs.
494 2953 588 2994 210.
618 2965 718 3006 „per
750 2965 831 3006 ego
862 2954 940 2997 has
969 2954 1208 2998 lacrimas.“
1237 2968 1290 2998 ex
1319 2957 1425 2998 Aen.
1456 2956 1525 3011 IV,
1555 2957 1650 3010 314,
1678 2972 1773 3011 non,
1804 2963 1850 2999 ut
1879 2959 2019 3000 Burm.
2051 2964 2182 3013 putat,
2213 2973 2265 3002 ex
2297 2960 2393 3013 XII,
2426 2961 2495 3002 56.

399 3037 461 3067 vs.
504 3025 599 3067 209.
657 3025 925 3069 Burmannus
964 3027 1099 3070 edidit
1136 3041 1189 3070 ex
1227 3028 1310 3082 ΙΙΙ,
1341 3030 1442 3071 711:
1484 3030 1770 3085 nequidquam
1800 3038 1943 3085 erepte
1973 3032 2156 3086 periclis.
2215 3034 2363 3086 Recte,
2406 3047 2548 3087 quam-

234 3106 360 3149 quam
388 3094 587 3151 Meyerus
619 3111 713 3141 cum
744 3098 987 3142 Schradero
1018 3113 1071 3143 ex
1100 3100 1230 3144 Salm.
1261 3101 1543 3145 revocandum
1574 3103 1739 3159 putavit
1766 3106 1974 3159 „erepta“.

400 3181 462 3211 vs.
491 3170 585 3212 216.
644 3171 744 3214 dum
773 3186 905 3216 rauca
933 3172 1114 3217 adsiduo
1144 3174 1273 3230 longe
1303 3176 1393 3219 sale
1423 3189 1530 3219 saxa
1559 3177 1779 3219 sonabant.
