<?xml version="1.0" encoding="UTF-8"?>
<!DOCTYPE html PUBLIC "-//W3C//DTD XHTML 1.0 Transitional//EN"
    "http://www.w3.org/TR/xhtml1/DTD/xhtml1-transitional.dtd">
<html xmlns="http://www.w3.org/1999/xhtml" xml:lang="en" lang="en">
 <head>
  <title>
</title>
<meta http-equiv="Content-Type" content="text/html;charset=utf-8" />
  <meta name='ocr-system' content='tesseract 3.04.00' />
  <meta name='ocr-capabilities' content='ocr_page ocr_carea ocr_par ocr_line ocrx_word'/>
</head>
<body>
  <div class='ocr_page' id='page_1' title='image "4777052_0015.png"; bbox 0 0 2824 3778; ppageno 0'>
   <div class='ocr_carea' id='block_1_1' title="bbox 0 0 2572 1323">
    <p class='ocr_par' dir='ltr' id='par_1_1' title="bbox 0 0 2572 1323">
     <span class='ocr_line' id='line_1_1' title="bbox 0 0 2572 1323; baseline 0 0"><span class='ocrx_word' id='word_1_1' title='bbox 0 0 2572 1323; x_wconf 95' lang='lat' dir='ltr'><strong>   </strong></span> <span class='ocrx_word' id='word_1_2' title='bbox 562 498 2572 568; x_wconf 95' lang='lat' dir='ltr'><strong> </strong></span> 
     </span>
    </p>
   </div>
   <div class='ocr_carea' id='block_1_2' title="bbox 0 510 2563 1853">
    <p class='ocr_par' dir='ltr' id='par_1_2' title="bbox 201 510 2163 1045">
     <span class='ocr_line' id='line_1_2' title="bbox 201 510 583 585; baseline -0.006 -12"><span class='ocrx_word' id='word_1_3' title='bbox 201 568 206 573; x_wconf 80' lang='lat'><strong>.</strong></span> <span class='ocrx_word' id='word_1_4' title='bbox 228 550 243 563; x_wconf 80' lang='lat'><strong>·-</strong></span> <span class='ocrx_word' id='word_1_5' title='bbox 264 524 365 585; x_wconf 46' lang='lat' dir='ltr'><strong>Ga,</strong></span> <span class='ocrx_word' id='word_1_6' title='bbox 363 525 469 584; x_wconf 70' lang='lat' dir='ltr'><strong>m:</strong></span> <span class='ocrx_word' id='word_1_7' title='bbox 469 510 583 572; x_wconf 72' lang='grc' dir='ltr'><strong>523τ</strong></span> 
     </span>
     <span class='ocr_line' id='line_1_3' title="bbox 331 573 2163 673; baseline 0.003 -31"><span class='ocrx_word' id='word_1_8' title='bbox 331 662 337 670; x_wconf 13' lang='grc' dir='ltr'>ἱ</span> <span class='ocrx_word' id='word_1_9' title='bbox 362 649 364 651; x_wconf 43' lang='lat'><strong>.</strong></span> <span class='ocrx_word' id='word_1_10' title='bbox 625 659 628 661; x_wconf 63' lang='lat'>‚</span> <span class='ocrx_word' id='word_1_11' title='bbox 734 586 894 655; x_wconf 76' lang='lat' dir='ltr'><strong>genua</strong></span> <span class='ocrx_word' id='word_1_12' title='bbox 903 592 1048 644; x_wconf 87' lang='lat' dir='ltr'><strong>labant</strong></span> <span class='ocrx_word' id='word_1_13' title='bbox 1074 599 1197 645; x_wconf 82' lang='lat' dir='ltr'><strong>tarda</strong></span> <span class='ocrx_word' id='word_1_14' title='bbox 1223 604 1351 673; x_wconf 85' lang='lat' dir='ltr'><strong>atque</strong></span> <span class='ocrx_word' id='word_1_15' title='bbox 1379 600 1524 646; x_wconf 86' lang='lat' dir='ltr'><strong>oculos</strong></span> <span class='ocrx_word' id='word_1_16' title='bbox 1553 573 1700 658; x_wconf 82' lang='lat' dir='ltr'>stupor</span> <span class='ocrx_word' id='word_1_17' title='bbox 1727 606 1881 657; x_wconf 87' lang='lat' dir='ltr'><strong>urguet</strong></span> <span class='ocrx_word' id='word_1_18' title='bbox 1909 601 2070 646; x_wconf 89' lang='lat' dir='ltr'><strong>inertis.</strong></span> <span class='ocrx_word' id='word_1_19' title='bbox 2091 640 2101 649; x_wconf 94' lang='lat'><strong>.</strong></span> <span class='ocrx_word' id='word_1_20' title='bbox 2149 599 2163 613; x_wconf 83' lang='grc'><em>’</em></span> 
     </span>
     <span class='ocr_line' id='line_1_4' title="bbox 431 685 941 759; baseline -0.008 -17"><span class='ocrx_word' id='word_1_21' title='bbox 431 695 519 759; x_wconf 85' lang='lat' dir='ltr'><strong>Sed</strong></span> <span class='ocrx_word' id='word_1_22' title='bbox 546 685 660 753; x_wconf 80' lang='lat' dir='ltr'><strong>apud</strong></span> <span class='ocrx_word' id='word_1_23' title='bbox 686 693 941 750; x_wconf 86' lang='lat' dir='ltr'>Vergilium:</span> 
     </span>
     <span class='ocr_line' id='line_1_5' title="bbox 734 727 1442 814; baseline 0 -2"><span class='ocrx_word' id='word_1_24' title='bbox 734 767 858 812; x_wconf 87' lang='lat' dir='ltr'><strong>tarda</strong></span> <span class='ocrx_word' id='word_1_25' title='bbox 886 766 1078 813; x_wconf 88' lang='lat' dir='ltr'><strong>trementi</strong></span> <span class='ocrx_word' id='word_1_26' title='bbox 1108 768 1260 814; x_wconf 85' lang='lat' dir='ltr'><strong>Genua</strong></span> <span class='ocrx_word' id='word_1_27' title='bbox 1286 727 1442 814; x_wconf 88' lang='lat' dir='ltr'><strong>labant.</strong></span> 
     </span>
     <span class='ocr_line' id='line_1_6' title="bbox 428 841 1671 902; baseline 0 -15"><span class='ocrx_word' id='word_1_28' title='bbox 428 841 569 896; x_wconf 84' lang='lat' dir='ltr'><strong>Quare</strong></span> <span class='ocrx_word' id='word_1_29' title='bbox 596 841 779 887; x_wconf 87' lang='lat' dir='ltr'><strong>fortasse</strong></span> <span class='ocrx_word' id='word_1_30' title='bbox 808 852 861 887; x_wconf 86' lang='lat' dir='ltr'>ex</span> <span class='ocrx_word' id='word_1_31' title='bbox 888 841 994 899; x_wconf 89' lang='lat' dir='ltr'><strong>Aen,</strong></span> <span class='ocrx_word' id='word_1_32' title='bbox 1023 841 1121 899; x_wconf 80' lang='grc' dir='ltr'><strong>ΧΠ,</strong></span> <span class='ocrx_word' id='word_1_33' title='bbox 1149 842 1232 887; x_wconf 89' lang='grc'><strong>905</strong></span> <span class='ocrx_word' id='word_1_34' title='bbox 1260 841 1418 888; x_wconf 86' lang='lat' dir='ltr'><strong>rectius</strong></span> <span class='ocrx_word' id='word_1_35' title='bbox 1447 842 1632 887; x_wconf 79' lang='lat' dir='ltr'>scribas:</span> <span class='ocrx_word' id='word_1_36' title='bbox 1668 897 1671 902; x_wconf 18' lang='grc' dir='ltr'>ἱ</span> 
     </span>
     <span class='ocr_line' id='line_1_7' title="bbox 735 889 1969 972; baseline 0.002 -13"><span class='ocrx_word' id='word_1_37' title='bbox 735 927 875 971; x_wconf 84' lang='lat' dir='ltr'><strong>genua</strong></span> <span class='ocrx_word' id='word_1_38' title='bbox 902 915 1061 971; x_wconf 85' lang='lat' dir='ltr'><strong>labant,</strong></span> <span class='ocrx_word' id='word_1_39' title='bbox 1088 914 1256 971; x_wconf 89' lang='lat' dir='ltr'><strong>gelidus</strong></span> <span class='ocrx_word' id='word_1_40' title='bbox 1283 915 1430 961; x_wconf 86' lang='lat' dir='ltr'><strong>oculos</strong></span> <span class='ocrx_word' id='word_1_41' title='bbox 1459 919 1604 972; x_wconf 85' lang='lat' dir='ltr'><strong>stupor</strong></span> <span class='ocrx_word' id='word_1_42' title='bbox 1631 921 1782 971; x_wconf 88' lang='lat' dir='ltr'><strong>urguet</strong></span> <span class='ocrx_word' id='word_1_43' title='bbox 1810 889 1969 961; x_wconf 82' lang='lat' dir='ltr'><strong>inertis.</strong></span> 
     </span>
     <span class='ocr_line' id='line_1_8' title="bbox 330 983 1725 1045; baseline -0.001 -13"><span class='ocrx_word' id='word_1_44' title='bbox 330 983 332 985; x_wconf 55' lang='grc'><strong><em>’</em></strong></span> <span class='ocrx_word' id='word_1_45' title='bbox 376 993 382 998; x_wconf 84' lang='grc'>’</span> <span class='ocrx_word' id='word_1_46' title='bbox 427 988 524 1032; x_wconf 82' lang='grc' dir='ltr'>Νοιι</span> <span class='ocrx_word' id='word_1_47' title='bbox 553 993 617 1033; x_wconf 89' lang='lat' dir='ltr'><strong>est</strong></span> <span class='ocrx_word' id='word_1_48' title='bbox 644 988 768 1044; x_wconf 81' lang='lat' dir='ltr'><strong>enim,</strong></span> <span class='ocrx_word' id='word_1_49' title='bbox 796 988 908 1044; x_wconf 92' lang='lat' dir='ltr'><strong>quod</strong></span> <span class='ocrx_word' id='word_1_50' title='bbox 935 989 980 1031; x_wconf 91' lang='lat' dir='ltr'><strong>in</strong></span> <span class='ocrx_word' id='word_1_51' title='bbox 1007 988 1213 1044; x_wconf 85' lang='lat' dir='ltr'><strong>producta</strong></span> <span class='ocrx_word' id='word_1_52' title='bbox 1239 989 1410 1045; x_wconf 79' lang='lat' dir='ltr'><strong>syllaba</strong></span> <span class='ocrx_word' id='word_1_53' title='bbox 1437 1001 1495 1031; x_wconf 91' lang='lat' dir='ltr'><strong>us</strong></span> <span class='ocrx_word' id='word_1_54' title='bbox 1523 988 1725 1032; x_wconf 86' lang='lat' dir='ltr'><strong>offendas.</strong></span> 
     </span>
    </p>

    <p class='ocr_par' dir='ltr' id='par_1_3' title="bbox 94 1060 2561 1266">
     <span class='ocr_line' id='line_1_9' title="bbox 428 1060 2561 1119; baseline 0 -14"><span class='ocrx_word' id='word_1_55' title='bbox 428 1061 501 1106; x_wconf 89' lang='lat' dir='ltr'><strong>Vs.</strong></span> <span class='ocrx_word' id='word_1_56' title='bbox 530 1061 613 1105; x_wconf 80' lang='lat'><strong>320</strong></span> <span class='ocrx_word' id='word_1_57' title='bbox 640 1062 907 1105; x_wconf 84' lang='lat' dir='ltr'><strong>Burmannus</strong></span> <span class='ocrx_word' id='word_1_58' title='bbox 936 1061 1042 1117; x_wconf 83' lang='lat' dir='ltr'><strong>haec</strong></span> <span class='ocrx_word' id='word_1_59' title='bbox 1072 1061 1360 1106; x_wconf 82' lang='lat' dir='ltr'><strong>commendat.</strong></span> <span class='ocrx_word' id='word_1_60' title='bbox 1397 1060 1489 1104; x_wconf 88' lang='lat' dir='ltr'><strong>fare</strong></span> <span class='ocrx_word' id='word_1_61' title='bbox 1517 1074 1602 1117; x_wconf 85' lang='lat' dir='ltr'><strong>age</strong></span> <span class='ocrx_word' id='word_1_62' title='bbox 1629 1066 1755 1118; x_wconf 85' lang='lat' dir='ltr'><strong>atque</strong></span> <span class='ocrx_word' id='word_1_63' title='bbox 1784 1062 1887 1106; x_wconf 86' lang='lat' dir='ltr'><strong>mihi</strong></span> <span class='ocrx_word' id='word_1_64' title='bbox 1916 1063 2023 1106; x_wconf 86' lang='lat' dir='ltr'><strong>haec</strong></span> <span class='ocrx_word' id='word_1_65' title='bbox 2052 1063 2239 1106; x_wconf 77' lang='lat' dir='ltr'>edissere</span> <span class='ocrx_word' id='word_1_66' title='bbox 2261 1076 2362 1106; x_wconf 87' lang='lat' dir='ltr'><strong>vera</strong></span> <span class='ocrx_word' id='word_1_67' title='bbox 2380 1063 2561 1119; x_wconf 86' lang='lat' dir='ltr'><strong>roganti.</strong></span> 
     </span>
     <span class='ocr_line' id='line_1_10' title="bbox 262 1124 2561 1193; baseline -0 -12.038"><span class='ocrx_word' id='word_1_68' title='bbox 262 1133 421 1182; x_wconf 78' lang='lat' dir='ltr'><strong>Nescio</strong></span> <span class='ocrx_word' id='word_1_69' title='bbox 460 1149 519 1178; x_wconf 86' lang='lat' dir='ltr'><strong>an</strong></span> <span class='ocrx_word' id='word_1_70' title='bbox 555 1124 694 1178; x_wconf 74' lang='lat' dir='ltr'><strong>minus</strong></span> <span class='ocrx_word' id='word_1_71' title='bbox 730 1140 870 1178; x_wconf 86' lang='lat' dir='ltr'><strong>recte·</strong></span> <span class='ocrx_word' id='word_1_72' title='bbox 859 1168 871 1190; x_wconf 88' lang='lat'>,</span> <span class='ocrx_word' id='word_1_73' title='bbox 921 1148 1176 1192; x_wconf 88' lang='lat' dir='ltr'><strong>quamquam</strong></span> <span class='ocrx_word' id='word_1_74' title='bbox 1213 1148 1322 1190; x_wconf 85' lang='lat' dir='ltr'><strong>quae</strong></span> <span class='ocrx_word' id='word_1_75' title='bbox 1360 1134 1493 1179; x_wconf 83' lang='lat' dir='ltr'><strong>Salm-</strong></span> <span class='ocrx_word' id='word_1_76' title='bbox 1531 1128 1743 1191; x_wconf 82' lang='lat' dir='ltr'>praebet,</span> <span class='ocrx_word' id='word_1_77' title='bbox 1745 1136 1847 1190; x_wconf 89' lang='lat' dir='ltr'><strong>‚fare</strong></span> <span class='ocrx_word' id='word_1_78' title='bbox 1876 1136 1980 1179; x_wconf 85' lang='lat' dir='ltr'><strong>mihi</strong></span> <span class='ocrx_word' id='word_1_79' title='bbox 2009 1138 2160 1193; x_wconf 85' lang='lat' dir='ltr'><strong>atque“</strong></span> <span class='ocrx_word' id='word_1_80' title='bbox 2187 1135 2302 1192; x_wconf 90' lang='lat' dir='ltr'><strong>apud</strong></span> <span class='ocrx_word' id='word_1_81' title='bbox 2329 1136 2561 1192; x_wconf 79' lang='lat' dir='ltr'><strong>Vergilium</strong></span> 
     </span>
     <span class='ocr_line' id='line_1_11' title="bbox 94 1207 1755 1266; baseline 0 -14"><span class='ocrx_word' id='word_1_82' title='bbox 94 1214 119 1226; x_wconf 82' lang='grc'><strong><em>”</em></strong></span> <span class='ocrx_word' id='word_1_83' title='bbox 161 1234 165 1237; x_wconf 89' lang='grc'><strong>-</strong></span> <span class='ocrx_word' id='word_1_84' title='bbox 189 1250 198 1266; x_wconf 59' lang='lat'><strong>.›</strong></span> <span class='ocrx_word' id='word_1_85' title='bbox 227 1254 231 1258; x_wconf 68' lang='grc'><strong>,</strong></span> <span class='ocrx_word' id='word_1_86' title='bbox 262 1217 347 1254; x_wconf 84' lang='grc' dir='ltr'>ιιοιι</span> <span class='ocrx_word' id='word_1_87' title='bbox 374 1207 530 1262; x_wconf 85' lang='lat' dir='ltr'><strong>inveni.</strong></span> <span class='ocrx_word' id='word_1_88' title='bbox 589 1208 754 1266; x_wconf 88' lang='lat' dir='ltr'><strong>(Altera</strong></span> <span class='ocrx_word' id='word_1_89' title='bbox 782 1222 930 1253; x_wconf 87' lang='lat' dir='ltr'><strong>versus</strong></span> <span class='ocrx_word' id='word_1_90' title='bbox 958 1221 1058 1266; x_wconf 87' lang='lat' dir='ltr'><strong>pars</strong></span> <span class='ocrx_word' id='word_1_91' title='bbox 1086 1208 1310 1265; x_wconf 86' lang='lat' dir='ltr'><strong>desumpta</strong></span> <span class='ocrx_word' id='word_1_92' title='bbox 1338 1220 1404 1252; x_wconf 86' lang='lat' dir='ltr'><strong>ex</strong></span> <span class='ocrx_word' id='word_1_93' title='bbox 1419 1208 1527 1252; x_wconf 89' lang='lat' dir='ltr'><strong>Aen.</strong></span> <span class='ocrx_word' id='word_1_94' title='bbox 1555 1207 1610 1264; x_wconf 84' lang='lat'><strong>11,</strong></span> <span class='ocrx_word' id='word_1_95' title='bbox 1643 1207 1755 1263; x_wconf 87' lang='grc'>149.)</span> 
     </span>
    </p>

    <p class='ocr_par' dir='ltr' id='par_1_4' title="bbox 429 1280 2563 1340">
     <span class='ocr_line' id='line_1_12' title="bbox 429 1280 2563 1340; baseline 0.001 -15"><span class='ocrx_word' id='word_1_96' title='bbox 429 1281 500 1326; x_wconf 93' lang='lat' dir='ltr'><strong>Vs.</strong></span> <span class='ocrx_word' id='word_1_97' title='bbox 529 1282 613 1326; x_wconf 88' lang='lat'><strong>330</strong></span> <span class='ocrx_word' id='word_1_98' title='bbox 640 1282 864 1339; x_wconf 85' lang='lat' dir='ltr'><strong>„casiaque</strong></span> <span class='ocrx_word' id='word_1_99' title='bbox 894 1295 1103 1339; x_wconf 87' lang='lat' dir='ltr'><strong>crocoque</strong></span> <span class='ocrx_word' id='word_1_100' title='bbox 1130 1281 1324 1326; x_wconf 86' lang='lat' dir='ltr'><strong>rubenti“</strong></span> <span class='ocrx_word' id='word_1_101' title='bbox 1351 1280 1577 1338; x_wconf 85' lang='lat' dir='ltr'><strong>desumpta</strong></span> <span class='ocrx_word' id='word_1_102' title='bbox 1604 1294 1657 1324; x_wconf 88' lang='lat' dir='ltr'>ex</span> <span class='ocrx_word' id='word_1_103' title='bbox 1678 1282 1756 1326; x_wconf 84' lang='lat' dir='ltr'><strong>Ge.</strong></span> <span class='ocrx_word' id='word_1_104' title='bbox 1776 1283 1845 1338; x_wconf 89' lang='lat' dir='ltr'><strong>IV,</strong></span> <span class='ocrx_word' id='word_1_105' title='bbox 1878 1283 1958 1327; x_wconf 87' lang='grc'><strong>182</strong></span> <span class='ocrx_word' id='word_1_106' title='bbox 1989 1283 2080 1340; x_wconf 91' lang='lat' dir='ltr'><strong>(ubi</strong></span> <span class='ocrx_word' id='word_1_107' title='bbox 2109 1283 2420 1339; x_wconf 79' lang='lat' dir='ltr'><strong>accusativus);</strong></span> <span class='ocrx_word' id='word_1_108' title='bbox 2449 1283 2563 1339; x_wconf 90' lang='lat' dir='ltr'><strong>quod</strong></span> 
     </span>
    </p>

    <p class='ocr_par' dir='ltr' id='par_1_5' title="bbox 0 1335 1766 1424">
     <span class='ocr_line' id='line_1_13' title="bbox 0 1335 1766 1424; baseline 0.004 -33"><span class='ocrx_word' id='word_1_109' title='bbox 0 1362 90 1412; x_wconf 41' lang='grc' dir='ltr'>..κ-εει·</span> <span class='ocrx_word' id='word_1_110' title='bbox 189 1344 191 1346; x_wconf 42' lang='grc'>’</span> <span class='ocrx_word' id='word_1_111' title='bbox 260 1335 404 1411; x_wconf 81' lang='lat' dir='ltr'><strong>affero,</strong></span> <span class='ocrx_word' id='word_1_112' title='bbox 432 1356 533 1411; x_wconf 82' lang='lat' dir='ltr'><strong>quia</strong></span> <span class='ocrx_word' id='word_1_113' title='bbox 559 1356 822 1400; x_wconf 83' lang='lat' dir='ltr'><strong>Burmannus</strong></span> <span class='ocrx_word' id='word_1_114' title='bbox 851 1369 897 1401; x_wconf 91' lang='lat' dir='ltr'><strong>se</strong></span> <span class='ocrx_word' id='word_1_115' title='bbox 926 1356 1129 1400; x_wconf 85' lang='lat' dir='ltr'><strong>indicavit</strong></span> <span class='ocrx_word' id='word_1_116' title='bbox 1156 1354 1336 1410; x_wconf 84' lang='lat' dir='ltr'><strong>nescire,</strong></span> <span class='ocrx_word' id='word_1_117' title='bbox 1366 1354 1478 1398; x_wconf 90' lang='lat' dir='ltr'><strong>unde</strong></span> <span class='ocrx_word' id='word_1_118' title='bbox 1507 1354 1643 1424; x_wconf 82' lang='lat' dir='ltr'><strong>petita</strong></span> <span class='ocrx_word' id='word_1_119' title='bbox 1670 1355 1766 1399; x_wconf 87' lang='lat' dir='ltr'><strong>sint.</strong></span> 
     </span>
    </p>

    <p class='ocr_par' dir='ltr' id='par_1_6' title="bbox 67 1415 2561 1567">
     <span class='ocr_line' id='line_1_14' title="bbox 67 1415 2561 1485; baseline 0 -13"><span class='ocrx_word' id='word_1_120' title='bbox 67 1415 74 1420; x_wconf 46' lang='grc'><strong><em>’</em></strong></span> <span class='ocrx_word' id='word_1_121' title='bbox 114 1424 118 1425; x_wconf 52' lang='grc'>’</span> <span class='ocrx_word' id='word_1_122' title='bbox 139 1480 144 1485; x_wconf 28' lang='lat'><em>¹</em></span> <span class='ocrx_word' id='word_1_123' title='bbox 427 1429 499 1473; x_wconf 92' lang='lat' dir='ltr'><strong>Vs.</strong></span> <span class='ocrx_word' id='word_1_124' title='bbox 528 1428 611 1472; x_wconf 85' lang='lat'><strong>337</strong></span> <span class='ocrx_word' id='word_1_125' title='bbox 637 1432 893 1484; x_wconf 86' lang='lat' dir='ltr'><strong>„expectans</strong></span> <span class='ocrx_word' id='word_1_126' title='bbox 922 1443 1030 1484; x_wconf 87' lang='lat' dir='ltr'><strong>quae</strong></span> <span class='ocrx_word' id='word_1_127' title='bbox 1059 1429 1186 1484; x_wconf 88' lang='lat' dir='ltr'><strong>signa</strong></span> <span class='ocrx_word' id='word_1_128' title='bbox 1212 1428 1363 1483; x_wconf 85' lang='lat' dir='ltr'><strong>ferant,</strong></span> <span class='ocrx_word' id='word_1_129' title='bbox 1391 1428 1544 1483; x_wconf 87' lang='lat' dir='ltr'><strong>ignara</strong></span> <span class='ocrx_word' id='word_1_130' title='bbox 1572 1428 1711 1471; x_wconf 85' lang='lat' dir='ltr'><strong>futuri.</strong></span> <span class='ocrx_word' id='word_1_131' title='bbox 1716 1429 1738 1450; x_wconf 92' lang='lat'>“</span> <span class='ocrx_word' id='word_1_132' title='bbox 1793 1427 1865 1472; x_wconf 86' lang='lat' dir='ltr'><strong>Sic</strong></span> <span class='ocrx_word' id='word_1_133' title='bbox 1887 1429 2029 1473; x_wconf 90' lang='lat' dir='ltr'><strong>Burm.</strong></span> <span class='ocrx_word' id='word_1_134' title='bbox 2047 1442 2124 1485; x_wconf 91' lang='lat' dir='ltr'><strong>pro</strong></span> <span class='ocrx_word' id='word_1_135' title='bbox 2142 1442 2193 1474; x_wconf 91' lang='lat' dir='ltr'><strong>eo</strong></span> <span class='ocrx_word' id='word_1_136' title='bbox 2213 1428 2327 1485; x_wconf 90' lang='lat' dir='ltr'><strong>quod</strong></span> <span class='ocrx_word' id='word_1_137' title='bbox 2346 1429 2390 1472; x_wconf 90' lang='lat' dir='ltr'><strong>in</strong></span> <span class='ocrx_word' id='word_1_138' title='bbox 2410 1429 2561 1473; x_wconf 87' lang='lat' dir='ltr'><strong>Salm.:</strong></span> 
     </span>
     <span class='ocr_line' id='line_1_15' title="bbox 177 1501 2560 1567; baseline 0 -21"><span class='ocrx_word' id='word_1_139' title='bbox 177 1513 181 1516; x_wconf 73' lang='grc'><em>’</em></span> <span class='ocrx_word' id='word_1_140' title='bbox 259 1508 333 1547; x_wconf 86' lang='lat' dir='ltr'><strong>aut</strong></span> <span class='ocrx_word' id='word_1_141' title='bbox 370 1502 448 1560; x_wconf 92' lang='lat'><strong>(=</strong></span> <span class='ocrx_word' id='word_1_142' title='bbox 476 1501 596 1558; x_wconf 86' lang='lat' dir='ltr'><strong>haut)</strong></span> <span class='ocrx_word' id='word_1_143' title='bbox 624 1502 775 1558; x_wconf 87' lang='lat' dir='ltr'><strong>ignara</strong></span> <span class='ocrx_word' id='word_1_144' title='bbox 802 1502 950 1557; x_wconf 85' lang='lat' dir='ltr'><strong>futuri3</strong></span> <span class='ocrx_word' id='word_1_145' title='bbox 988 1513 1170 1567; x_wconf 75' lang='lat' dir='ltr'><strong>namque</strong></span> <span class='ocrx_word' id='word_1_146' title='bbox 1196 1502 1320 1557; x_wconf 87' lang='lat' dir='ltr'><strong>„aut“</strong></span> <span class='ocrx_word' id='word_1_147' title='bbox 1346 1501 1436 1546; x_wconf 86' lang='lat' dir='ltr'><strong>viro</strong></span> <span class='ocrx_word' id='word_1_148' title='bbox 1465 1501 1590 1546; x_wconf 88' lang='lat' dir='ltr'><strong>docto</strong></span> <span class='ocrx_word' id='word_1_149' title='bbox 1620 1514 1673 1545; x_wconf 84' lang='lat' dir='ltr'><strong>ex</strong></span> <span class='ocrx_word' id='word_1_150' title='bbox 1712 1501 1845 1546; x_wconf 88' lang='lat' dir='ltr'><strong>literis</strong></span> <span class='ocrx_word' id='word_1_151' title='bbox 1884 1502 2002 1546; x_wconf 89' lang='lat' dir='ltr'><strong>verbi</strong></span> <span class='ocrx_word' id='word_1_152' title='bbox 2041 1503 2232 1559; x_wconf 87' lang='lat' dir='ltr'><strong>proxime</strong></span> <span class='ocrx_word' id='word_1_153' title='bbox 2270 1502 2560 1547; x_wconf 86' lang='lat' dir='ltr'><strong>antecedentis</strong></span> 
     </span>
    </p>

    <p class='ocr_par' dir='ltr' id='par_1_7' title="bbox 258 1573 2561 1640">
     <span class='ocr_line' id='line_1_16' title="bbox 258 1573 2561 1640; baseline -0.001 -19"><span class='ocrx_word' id='word_1_154' title='bbox 258 1576 445 1633; x_wconf 82' lang='lat' dir='ltr'><strong>„ferant“</strong></span> <span class='ocrx_word' id='word_1_155' title='bbox 472 1580 608 1620; x_wconf 87' lang='lat' dir='ltr'><strong>ortum</strong></span> <span class='ocrx_word' id='word_1_156' title='bbox 637 1574 814 1619; x_wconf 87' lang='lat' dir='ltr'><strong>videtur.</strong></span> <span class='ocrx_word' id='word_1_157' title='bbox 871 1575 958 1620; x_wconf 87' lang='lat' dir='ltr'><strong>Sed</strong></span> <span class='ocrx_word' id='word_1_158' title='bbox 988 1588 1115 1631; x_wconf 93' lang='lat' dir='ltr'><strong>quum</strong></span> <span class='ocrx_word' id='word_1_159' title='bbox 1145 1575 1255 1619; x_wconf 92' lang='lat' dir='ltr'><strong>Aen.</strong></span> <span class='ocrx_word' id='word_1_160' title='bbox 1285 1574 1354 1629; x_wconf 87' lang='lat' dir='ltr'><strong>IV,</strong></span> <span class='ocrx_word' id='word_1_161' title='bbox 1384 1575 1467 1618; x_wconf 91' lang='grc'><strong>508</strong></span> <span class='ocrx_word' id='word_1_162' title='bbox 1496 1574 1663 1630; x_wconf 87' lang='lat' dir='ltr'><strong>legatur</strong></span> <span class='ocrx_word' id='word_1_163' title='bbox 1689 1573 1814 1628; x_wconf 86' lang='lat' dir='ltr'><strong>„haut</strong></span> <span class='ocrx_word' id='word_1_164' title='bbox 1842 1575 1995 1640; x_wconf 83' lang='lat' dir='ltr'><strong>ignara</strong></span> <span class='ocrx_word' id='word_1_165' title='bbox 2022 1575 2183 1630; x_wconf 86' lang='lat' dir='ltr'><strong>futuri“‚</strong></span> <span class='ocrx_word' id='word_1_166' title='bbox 2212 1574 2267 1619; x_wconf 92' lang='lat' dir='ltr'><strong>de</strong></span> <span class='ocrx_word' id='word_1_167' title='bbox 2296 1588 2349 1619; x_wconf 88' lang='lat' dir='ltr'><strong>ea</strong></span> <span class='ocrx_word' id='word_1_168' title='bbox 2375 1589 2421 1620; x_wconf 92' lang='lat' dir='ltr'><strong>re</strong></span> <span class='ocrx_word' id='word_1_169' title='bbox 2441 1575 2561 1619; x_wconf 89' lang='lat' dir='ltr'><strong>dubi-</strong></span> 
     </span>
    </p>

    <p class='ocr_par' dir='ltr' id='par_1_8' title="bbox 258 1650 520 1707">
     <span class='ocr_line' id='line_1_17' title="bbox 258 1650 520 1707; baseline -0.004 -13"><span class='ocrx_word' id='word_1_170' title='bbox 258 1650 338 1694; x_wconf 87' lang='lat' dir='ltr'><strong>tari</strong></span> <span class='ocrx_word' id='word_1_171' title='bbox 368 1653 520 1707; x_wconf 86' lang='lat' dir='ltr'><strong>potest.</strong></span> 
     </span>
    </p>

    <p class='ocr_par' dir='ltr' id='par_1_9' title="bbox 260 1720 2560 1853">
     <span class='ocr_line' id='line_1_18' title="bbox 428 1720 2559 1785; baseline -0 -19"><span class='ocrx_word' id='word_1_172' title='bbox 428 1724 498 1767; x_wconf 89' lang='lat' dir='ltr'><strong>Vs.</strong></span> <span class='ocrx_word' id='word_1_173' title='bbox 538 1723 620 1767; x_wconf 88' lang='grc'><strong>349</strong></span> <span class='ocrx_word' id='word_1_174' title='bbox 657 1722 784 1785; x_wconf 85' lang='lat' dir='ltr'><strong>„talia</strong></span> <span class='ocrx_word' id='word_1_175' title='bbox 812 1726 1052 1766; x_wconf 78' lang='lat' dir='ltr'>cernentem</span> <span class='ocrx_word' id='word_1_176' title='bbox 1077 1722 1275 1766; x_wconf 85' lang='lat' dir='ltr'><strong>tandem“</strong></span> <span class='ocrx_word' id='word_1_177' title='bbox 1314 1721 1428 1778; x_wconf 87' lang='lat' dir='ltr'><strong>apud</strong></span> <span class='ocrx_word' id='word_1_178' title='bbox 1457 1721 1691 1777; x_wconf 88' lang='lat' dir='ltr'><strong>Vergilium</strong></span> <span class='ocrx_word' id='word_1_179' title='bbox 1720 1720 1875 1766; x_wconf 88' lang='lat' dir='ltr'><strong>frustra</strong></span> <span class='ocrx_word' id='word_1_180' title='bbox 1903 1735 2085 1778; x_wconf 86' lang='lat' dir='ltr'><strong>quaeras</strong></span> <span class='ocrx_word' id='word_1_181' title='bbox 2115 1723 2188 1780; x_wconf 85' lang='lat' dir='ltr'><strong>(cf.</strong></span> <span class='ocrx_word' id='word_1_182' title='bbox 2218 1724 2324 1766; x_wconf 87' lang='lat' dir='ltr'><strong>Aen.</strong></span> <span class='ocrx_word' id='word_1_183' title='bbox 2355 1723 2426 1778; x_wconf 89' lang='lat' dir='ltr'><strong>IV,</strong></span> <span class='ocrx_word' id='word_1_184' title='bbox 2458 1723 2559 1766; x_wconf 62' lang='lat'>405:</span> 
     </span>
     <span class='ocr_line' id='line_1_19' title="bbox 260 1786 2560 1853; baseline -0 -12"><span class='ocrx_word' id='word_1_185' title='bbox 260 1796 448 1842; x_wconf 85' lang='lat' dir='ltr'><strong>cernenti</strong></span> <span class='ocrx_word' id='word_1_186' title='bbox 476 1795 614 1852; x_wconf 87' lang='lat' dir='ltr'><strong>tatia).</strong></span> <span class='ocrx_word' id='word_1_187' title='bbox 670 1786 892 1852; x_wconf 85' lang='lat' dir='ltr'><strong>„tand&#39;em“</strong></span> <span class='ocrx_word' id='word_1_188' title='bbox 919 1795 1099 1840; x_wconf 88' lang='lat' dir='ltr'><strong>fortasse</strong></span> <span class='ocrx_word' id='word_1_189' title='bbox 1128 1809 1181 1840; x_wconf 86' lang='lat' dir='ltr'><strong>ex</strong></span> <span class='ocrx_word' id='word_1_190' title='bbox 1210 1808 1337 1840; x_wconf 87' lang='lat' dir='ltr'><strong>versu</strong></span> <span class='ocrx_word' id='word_1_191' title='bbox 1365 1794 1555 1852; x_wconf 84' lang='lat' dir='ltr'><strong>proximo</strong></span> <span class='ocrx_word' id='word_1_192' title='bbox 1585 1794 1666 1839; x_wconf 93' lang='lat' dir='ltr'><strong>huc</strong></span> <span class='ocrx_word' id='word_1_193' title='bbox 1696 1795 1876 1852; x_wconf 85' lang='lat' dir='ltr'><strong>irrepsit.</strong></span> <span class='ocrx_word' id='word_1_194' title='bbox 1933 1796 2083 1852; x_wconf 89' lang='lat' dir='ltr'>Neque</span> <span class='ocrx_word' id='word_1_195' title='bbox 2114 1798 2195 1853; x_wconf 86' lang='lat' dir='ltr'><strong>(vs.</strong></span> <span class='ocrx_word' id='word_1_196' title='bbox 2221 1795 2321 1853; x_wconf 88' lang='grc'><strong>365)</strong></span> <span class='ocrx_word' id='word_1_197' title='bbox 2348 1795 2560 1851; x_wconf 87' lang='lat' dir='ltr'><strong>„flamma-</strong></span> 
     </span>
    </p>
   </div>
   <div class='ocr_carea' id='block_1_3' title="bbox 258 1868 2633 2072">
    <p class='ocr_par' dir='ltr' id='par_1_10' title="bbox 258 1868 2633 2072">
     <span class='ocr_line' id='line_1_20' title="bbox 259 1868 2559 1927; baseline -0 -12"><span class='ocrx_word' id='word_1_198' title='bbox 259 1885 341 1927; x_wconf 91' lang='lat' dir='ltr'><strong>que</strong></span> <span class='ocrx_word' id='word_1_199' title='bbox 369 1871 605 1914; x_wconf 84' lang='lat' dir='ltr'><strong>volantem“</strong></span> <span class='ocrx_word' id='word_1_200' title='bbox 642 1870 703 1913; x_wconf 90' lang='lat' dir='ltr'><strong>ita</strong></span> <span class='ocrx_word' id='word_1_201' title='bbox 739 1869 962 1913; x_wconf 84' lang='lat' dir='ltr'><strong>coniuncta</strong></span> <span class='ocrx_word' id='word_1_202' title='bbox 1001 1869 1114 1925; x_wconf 90' lang='lat' dir='ltr'><strong>apud</strong></span> <span class='ocrx_word' id='word_1_203' title='bbox 1153 1869 1389 1925; x_wconf 83' lang='lat' dir='ltr'><strong>Vergilium</strong></span> <span class='ocrx_word' id='word_1_204' title='bbox 1426 1868 1706 1913; x_wconf 88' lang='lat' dir='ltr'><strong>inveniuntur.</strong></span> <span class='ocrx_word' id='word_1_205' title='bbox 1745 1889 1802 1896; x_wconf 88' lang='lat'><em>-</em></span> <span class='ocrx_word' id='word_1_206' title='bbox 1846 1870 2041 1925; x_wconf 91' lang='lat' dir='ltr'><strong>Denique</strong></span> <span class='ocrx_word' id='word_1_207' title='bbox 2080 1884 2142 1915; x_wconf 89' lang='lat' dir='ltr'><strong>vs.</strong></span> <span class='ocrx_word' id='word_1_208' title='bbox 2173 1871 2256 1914; x_wconf 87' lang='grc'><strong>430</strong></span> <span class='ocrx_word' id='word_1_209' title='bbox 2290 1870 2390 1925; x_wconf 87' lang='lat' dir='ltr'><strong>„illa</strong></span> <span class='ocrx_word' id='word_1_210' title='bbox 2418 1876 2559 1914; x_wconf 88' lang='lat' dir='ltr'><strong>autem</strong></span> 
     </span>
     <span class='ocr_line' id='line_1_21' title="bbox 261 1941 2633 2012; baseline -0 -24"><span class='ocrx_word' id='word_1_211' title='bbox 261 1958 337 2000; x_wconf 89' lang='lat' dir='ltr'><strong>per</strong></span> <span class='ocrx_word' id='word_1_212' title='bbox 373 1944 576 1999; x_wconf 67' lang='grc' dir='ltr'><strong>Ῑιοριιίοειι</strong></span> <span class='ocrx_word' id='word_1_213' title='bbox 613 1948 808 1999; x_wconf 85' lang='lat' dir='ltr'><strong>corrupte</strong></span> <span class='ocrx_word' id='word_1_214' title='bbox 845 1942 888 1985; x_wconf 93' lang='lat' dir='ltr'><strong>in</strong></span> <span class='ocrx_word' id='word_1_215' title='bbox 918 1943 1076 1996; x_wconf 57' lang='lat' dir='ltr'><strong>Salm.;›</strong></span> <span class='ocrx_word' id='word_1_216' title='bbox 1108 1955 1187 1986; x_wconf 88' lang='lat' dir='ltr'><strong>nec</strong></span> <span class='ocrx_word' id='word_1_217' title='bbox 1223 1942 1313 1988; x_wconf 90' lang='lat' dir='ltr'><strong>scio</strong></span> <span class='ocrx_word' id='word_1_218' title='bbox 1342 1946 1415 1987; x_wconf 88' lang='lat' dir='ltr'><strong>aut</strong></span> <span class='ocrx_word' id='word_1_219' title='bbox 1443 1941 1554 1986; x_wconf 90' lang='lat' dir='ltr'><strong>unde</strong></span> <span class='ocrx_word' id='word_1_220' title='bbox 1584 1941 1690 1986; x_wconf 89' lang='lat' dir='ltr'><strong>haec</strong></span> <span class='ocrx_word' id='word_1_221' title='bbox 1720 1941 1943 1998; x_wconf 90' lang='lat' dir='ltr'><strong>desumpta</strong></span> <span class='ocrx_word' id='word_1_222' title='bbox 1972 1943 2055 1987; x_wconf 88' lang='lat' dir='ltr'><strong>sint</strong></span> <span class='ocrx_word' id='word_1_223' title='bbox 2082 1947 2153 1987; x_wconf 86' lang='lat' dir='ltr'><strong>aut</strong></span> <span class='ocrx_word' id='word_1_224' title='bbox 2182 1944 2390 1999; x_wconf 89' lang='lat' dir='ltr'><strong>quomodo</strong></span> <span class='ocrx_word' id='word_1_225' title='bbox 2420 1957 2559 1987; x_wconf 87' lang='lat' dir='ltr'><strong>emen·</strong></span> <span class='ocrx_word' id='word_1_226' title='bbox 2625 2003 2633 2012; x_wconf 42' lang='lat'><strong>·</strong></span> 
     </span>
     <span class='ocr_line' id='line_1_22' title="bbox 258 2016 555 2072; baseline -0.003 -12"><span class='ocrx_word' id='word_1_227' title='bbox 258 2016 352 2060; x_wconf 90' lang='lat' dir='ltr'><strong>dari</strong></span> <span class='ocrx_word' id='word_1_228' title='bbox 379 2016 555 2072; x_wconf 87' lang='lat' dir='ltr'><strong>possint.</strong></span> 
     </span>
    </p>
   </div>
   <div class='ocr_carea' id='block_1_4' title="bbox 222 2088 2558 2804">
    <p class='ocr_par' dir='ltr' id='par_1_11' title="bbox 222 2088 2558 2804">
     <span class='ocr_line' id='line_1_23' title="bbox 423 2088 2557 2146; baseline 0 -13"><span class='ocrx_word' id='word_1_229' title='bbox 423 2090 496 2133; x_wconf 92' lang='lat' dir='ltr'><strong>Vs.</strong></span> <span class='ocrx_word' id='word_1_230' title='bbox 525 2091 622 2133; x_wconf 89' lang='lat'><strong>357.</strong></span> <span class='ocrx_word' id='word_1_231' title='bbox 652 2103 761 2132; x_wconf 92' lang='lat' dir='ltr'><strong>nunc</strong></span> <span class='ocrx_word' id='word_1_232' title='bbox 798 2088 834 2132; x_wconf 93' lang='lat' dir='ltr'><strong>si</strong></span> <span class='ocrx_word' id='word_1_233' title='bbox 863 2088 974 2131; x_wconf 86' lang='lat' dir='ltr'><strong>bella</strong></span> <span class='ocrx_word' id='word_1_234' title='bbox 1003 2101 1149 2144; x_wconf 88' lang='lat' dir='ltr'><strong>paras,</strong></span> <span class='ocrx_word' id='word_1_235' title='bbox 1199 2094 1241 2131; x_wconf 89' lang='lat' dir='ltr'><strong>et</strong></span> <span class='ocrx_word' id='word_1_236' title='bbox 1279 2088 1395 2132; x_wconf 87' lang='lat' dir='ltr'><strong>luctu</strong></span> <span class='ocrx_word' id='word_1_237' title='bbox 1434 2088 1614 2132; x_wconf 88' lang='lat' dir='ltr'><strong>miscere</strong></span> <span class='ocrx_word' id='word_1_238' title='bbox 1652 2088 1871 2132; x_wconf 82' lang='lat' dir='ltr'><strong>himeneus</strong></span> <span class='ocrx_word' id='word_1_239' title='bbox 1910 2089 1957 2145; x_wconf 81' lang='lat' dir='ltr'><strong>(i.</strong></span> <span class='ocrx_word' id='word_1_240' title='bbox 1990 2102 2027 2132; x_wconf 91' lang='lat' dir='ltr'><strong>e.</strong></span> <span class='ocrx_word' id='word_1_241' title='bbox 2067 2088 2360 2146; x_wconf 87' lang='lat' dir='ltr'><strong>hymenaeos).</strong></span> <span class='ocrx_word' id='word_1_242' title='bbox 2427 2091 2557 2135; x_wconf 87' lang='lat' dir='ltr'><strong>Salm.</strong></span> 
     </span>
     <span class='ocr_line' id='line_1_24' title="bbox 259 2159 2558 2221; baseline 0 -15"><span class='ocrx_word' id='word_1_243' title='bbox 259 2163 368 2221; x_wconf 89' lang='lat' dir='ltr'><strong>(sec.</strong></span> <span class='ocrx_word' id='word_1_244' title='bbox 391 2164 555 2206; x_wconf 89' lang='lat' dir='ltr'><strong>Burm.:</strong></span> <span class='ocrx_word' id='word_1_245' title='bbox 581 2162 694 2206; x_wconf 90' lang='lat' dir='ltr'><strong>bella</strong></span> <span class='ocrx_word' id='word_1_246' title='bbox 720 2159 926 2218; x_wconf 86' lang='lat' dir='ltr'><strong>reparas).</strong></span> <span class='ocrx_word' id='word_1_247' title='bbox 956 2160 1039 2205; x_wconf 91' lang='lat' dir='ltr'><strong>Ubi</strong></span> <span class='ocrx_word' id='word_1_248' title='bbox 1059 2160 1177 2203; x_wconf 85' lang='lat' dir='ltr'><strong>varia</strong></span> <span class='ocrx_word' id='word_1_249' title='bbox 1197 2160 1376 2204; x_wconf 85' lang='lat' dir='ltr'><strong>tentavit</strong></span> <span class='ocrx_word' id='word_1_250' title='bbox 1394 2161 1683 2216; x_wconf 79' lang='lat' dir='ltr'><strong>Burmannus3</strong></span> <span class='ocrx_word' id='word_1_251' title='bbox 1713 2160 1790 2204; x_wconf 87' lang='lat' dir='ltr'><strong>sed</strong></span> <span class='ocrx_word' id='word_1_252' title='bbox 1811 2173 1862 2204; x_wconf 85' lang='lat' dir='ltr'><strong>ex</strong></span> <span class='ocrx_word' id='word_1_253' title='bbox 1882 2162 1987 2205; x_wconf 92' lang='lat' dir='ltr'><strong>Aen.</strong></span> <span class='ocrx_word' id='word_1_254' title='bbox 2017 2161 2130 2217; x_wconf 88' lang='lat' dir='ltr'><strong>VIII,</strong></span> <span class='ocrx_word' id='word_1_255' title='bbox 2161 2163 2242 2206; x_wconf 84' lang='lat'><strong>400</strong></span> <span class='ocrx_word' id='word_1_256' title='bbox 2270 2163 2558 2207; x_wconf 87' lang='lat' dir='ltr'><strong>scribendum:</strong></span> 
     </span>
     <span class='ocr_line' id='line_1_25' title="bbox 730 2232 1628 2289; baseline -0.003 -10"><span class='ocrx_word' id='word_1_257' title='bbox 730 2240 771 2279; x_wconf 92' lang='lat' dir='ltr'><strong>et</strong></span> <span class='ocrx_word' id='word_1_258' title='bbox 800 2248 910 2278; x_wconf 89' lang='lat' dir='ltr'><strong>nunc</strong></span> <span class='ocrx_word' id='word_1_259' title='bbox 939 2234 974 2278; x_wconf 88' lang='lat' dir='ltr'><strong>si</strong></span> <span class='ocrx_word' id='word_1_260' title='bbox 1003 2234 1161 2277; x_wconf 90' lang='lat' dir='ltr'><strong>bellare</strong></span> <span class='ocrx_word' id='word_1_261' title='bbox 1189 2246 1330 2289; x_wconf 83' lang='lat' dir='ltr'><strong>paras,</strong></span> <span class='ocrx_word' id='word_1_262' title='bbox 1358 2233 1473 2278; x_wconf 89' lang='lat' dir='ltr'><strong>luctu</strong></span> <span class='ocrx_word' id='word_1_263' title='bbox 1502 2247 1556 2276; x_wconf 94' lang='lat' dir='ltr'><strong>m.</strong></span> <span class='ocrx_word' id='word_1_264' title='bbox 1589 2232 1628 2276; x_wconf 92' lang='lat' dir='ltr'><strong>h.</strong></span> 
     </span>
     <span class='ocr_line' id='line_1_26' title="bbox 421 2306 1601 2352; baseline -0.002 0"><span class='ocrx_word' id='word_1_265' title='bbox 421 2308 532 2352; x_wconf 92' lang='lat' dir='ltr'><strong>Illud</strong></span> <span class='ocrx_word' id='word_1_266' title='bbox 560 2308 672 2352; x_wconf 89' lang='lat' dir='ltr'><strong>enim</strong></span> <span class='ocrx_word' id='word_1_267' title='bbox 702 2313 751 2352; x_wconf 85' lang='lat' dir='ltr'><strong>et</strong></span> <span class='ocrx_word' id='word_1_268' title='bbox 778 2308 822 2351; x_wconf 93' lang='lat' dir='ltr'><strong>in</strong></span> <span class='ocrx_word' id='word_1_269' title='bbox 850 2307 968 2351; x_wconf 89' lang='lat' dir='ltr'><strong>initio</strong></span> <span class='ocrx_word' id='word_1_270' title='bbox 997 2320 1144 2351; x_wconf 85' lang='lat' dir='ltr'><strong>versus</strong></span> <span class='ocrx_word' id='word_1_271' title='bbox 1174 2306 1467 2351; x_wconf 84' lang='lat' dir='ltr'><strong>collocandum</strong></span> <span class='ocrx_word' id='word_1_272' title='bbox 1497 2310 1601 2350; x_wconf 89' lang='lat' dir='ltr'><strong>erat.</strong></span> 
     </span>
     <span class='ocr_line' id='line_1_27' title="bbox 423 2380 2555 2438; baseline 0 -13"><span class='ocrx_word' id='word_1_273' title='bbox 423 2382 496 2426; x_wconf 89' lang='lat' dir='ltr'><strong>Vs.</strong></span> <span class='ocrx_word' id='word_1_274' title='bbox 536 2384 619 2426; x_wconf 88' lang='grc'><strong>363</strong></span> <span class='ocrx_word' id='word_1_275' title='bbox 660 2383 816 2438; x_wconf 87' lang='lat' dir='ltr'><strong>optime</strong></span> <span class='ocrx_word' id='word_1_276' title='bbox 844 2383 1108 2426; x_wconf 88' lang='lat' dir='ltr'><strong>Burmannus</strong></span> <span class='ocrx_word' id='word_1_277' title='bbox 1137 2380 1402 2435; x_wconf 79' lang='lat' dir='ltr'><strong>emendavit3</strong></span> <span class='ocrx_word' id='word_1_278' title='bbox 1445 2385 1741 2437; x_wconf 85' lang='lat' dir='ltr'><strong>praeterquam</strong></span> <span class='ocrx_word' id='word_1_279' title='bbox 1771 2380 1883 2436; x_wconf 90' lang='lat' dir='ltr'><strong>quod</strong></span> <span class='ocrx_word' id='word_1_280' title='bbox 1910 2381 2163 2437; x_wconf 81' lang='lat' dir='ltr'><strong>„iungebat“</strong></span> <span class='ocrx_word' id='word_1_281' title='bbox 2189 2382 2369 2427; x_wconf 88' lang='lat' dir='ltr'><strong>retinere</strong></span> <span class='ocrx_word' id='word_1_282' title='bbox 2399 2382 2555 2426; x_wconf 86' lang='lat' dir='ltr'><strong>debuit.</strong></span> 
     </span>
     <span class='ocr_line' id='line_1_28' title="bbox 422 2453 2556 2511; baseline 0.001 -13"><span class='ocrx_word' id='word_1_283' title='bbox 422 2455 497 2499; x_wconf 92' lang='lat' dir='ltr'><strong>Vs.</strong></span> <span class='ocrx_word' id='word_1_284' title='bbox 533 2456 615 2499; x_wconf 82' lang='lat'><strong>382</strong></span> <span class='ocrx_word' id='word_1_285' title='bbox 653 2456 761 2511; x_wconf 90' lang='lat' dir='ltr'><strong>„heu</strong></span> <span class='ocrx_word' id='word_1_286' title='bbox 801 2456 975 2511; x_wconf 85' lang='lat' dir='ltr'><strong>stirpem</strong></span> <span class='ocrx_word' id='word_1_287' title='bbox 1018 2454 1217 2509; x_wconf 85' lang='lat' dir='ltr'><strong>invisam,</strong></span> <span class='ocrx_word' id='word_1_288' title='bbox 1260 2458 1303 2497; x_wconf 91' lang='lat' dir='ltr'><strong>et</strong></span> <span class='ocrx_word' id='word_1_289' title='bbox 1331 2453 1422 2497; x_wconf 85' lang='lat' dir='ltr'><strong>fata</strong></span> <span class='ocrx_word' id='word_1_290' title='bbox 1449 2453 1659 2497; x_wconf 87' lang='lat' dir='ltr'><strong>contraria</strong></span> <span class='ocrx_word' id='word_1_291' title='bbox 1688 2453 1863 2496; x_wconf 84' lang='lat' dir='ltr'><strong>nostris!</strong></span> <span class='ocrx_word' id='word_1_292' title='bbox 1911 2456 2151 2498; x_wconf 88' lang='lat' dir='ltr'><strong>Burmanno</strong></span> <span class='ocrx_word' id='word_1_293' title='bbox 2180 2455 2349 2511; x_wconf 89' lang='lat' dir='ltr'><strong>quidem</strong></span> <span class='ocrx_word' id='word_1_294' title='bbox 2380 2469 2556 2500; x_wconf 83' lang='lat' dir='ltr'><strong>necesse</strong></span> 
     </span>
     <span class='ocr_line' id='line_1_29' title="bbox 222 2517 2555 2585; baseline 0.001 -16"><span class='ocrx_word' id='word_1_295' title='bbox 222 2517 226 2522; x_wconf 59' lang='grc'><strong><em>’</em></strong></span> <span class='ocrx_word' id='word_1_296' title='bbox 257 2526 480 2571; x_wconf 87' lang='lat' dir='ltr'><strong>videbatur</strong></span> <span class='ocrx_word' id='word_1_297' title='bbox 508 2528 609 2572; x_wconf 86' lang='lat' dir='ltr'><strong>addi</strong></span> <span class='ocrx_word' id='word_1_298' title='bbox 635 2529 785 2584; x_wconf 85' lang='lat' dir='ltr'><strong>,‚fata“‚</strong></span> <span class='ocrx_word' id='word_1_299' title='bbox 815 2534 861 2572; x_wconf 90' lang='lat' dir='ltr'><strong>ut</strong></span> <span class='ocrx_word' id='word_1_300' title='bbox 889 2528 1003 2584; x_wconf 87' lang='lat' dir='ltr'><strong>apud</strong></span> <span class='ocrx_word' id='word_1_301' title='bbox 1020 2527 1252 2582; x_wconf 88' lang='lat' dir='ltr'><strong>Vergilium</strong></span> <span class='ocrx_word' id='word_1_302' title='bbox 1281 2527 1387 2570; x_wconf 90' lang='lat' dir='ltr'><strong>Aen.</strong></span> <span class='ocrx_word' id='word_1_303' title='bbox 1408 2527 1500 2581; x_wconf 92' lang='lat' dir='ltr'><strong>VII,</strong></span> <span class='ocrx_word' id='word_1_304' title='bbox 1531 2527 1630 2571; x_wconf 85' lang='lat'><strong>293:</strong></span> <span class='ocrx_word' id='word_1_305' title='bbox 1668 2525 1768 2570; x_wconf 88' lang='lat' dir='ltr'><strong>fatis</strong></span> <span class='ocrx_word' id='word_1_306' title='bbox 1790 2528 2003 2571; x_wconf 87' lang='lat' dir='ltr'><strong>contraria</strong></span> <span class='ocrx_word' id='word_1_307' title='bbox 2021 2528 2175 2572; x_wconf 85' lang='lat' dir='ltr'><strong>nostris</strong></span> <span class='ocrx_word' id='word_1_308' title='bbox 2196 2529 2306 2572; x_wconf 85' lang='lat' dir='ltr'><strong>Fata</strong></span> <span class='ocrx_word' id='word_1_309' title='bbox 2326 2528 2555 2585; x_wconf 85' lang='lat' dir='ltr'><strong>Phrygum.</strong></span> 
     </span>
     <span class='ocr_line' id='line_1_30' title="bbox 254 2598 2555 2656; baseline 0.001 -15"><span class='ocrx_word' id='word_1_310' title='bbox 254 2619 311 2625; x_wconf 93' lang='lat'><strong>—</strong></span> <span class='ocrx_word' id='word_1_311' title='bbox 339 2598 427 2642; x_wconf 87' lang='lat' dir='ltr'><strong>Sed</strong></span> <span class='ocrx_word' id='word_1_312' title='bbox 453 2599 635 2645; x_wconf 78' lang='lat' dir='ltr'><strong>fortasse</strong></span> <span class='ocrx_word' id='word_1_313' title='bbox 663 2601 723 2645; x_wconf 86' lang='lat' dir='ltr'><strong>ita</strong></span> <span class='ocrx_word' id='word_1_314' title='bbox 751 2600 1029 2656; x_wconf 85' lang='lat' dir='ltr'><strong>intelligenda</strong></span> <span class='ocrx_word' id='word_1_315' title='bbox 1057 2600 1205 2643; x_wconf 85' lang='lat' dir='ltr'><strong>verba:</strong></span> <span class='ocrx_word' id='word_1_316' title='bbox 1234 2604 1277 2642; x_wconf 90' lang='lat' dir='ltr'><strong>et</strong></span> <span class='ocrx_word' id='word_1_317' title='bbox 1305 2599 1433 2654; x_wconf 88' lang='lat' dir='ltr'><strong>stirps</strong></span> <span class='ocrx_word' id='word_1_318' title='bbox 1459 2599 1560 2642; x_wconf 88' lang='lat' dir='ltr'><strong>fatis</strong></span> <span class='ocrx_word' id='word_1_319' title='bbox 1590 2600 1803 2642; x_wconf 88' lang='lat' dir='ltr'><strong>contraria</strong></span> <span class='ocrx_word' id='word_1_320' title='bbox 1825 2601 2003 2655; x_wconf 82' lang='lat' dir='ltr'><strong>nostris3</strong></span> <span class='ocrx_word' id='word_1_321' title='bbox 2033 2614 2287 2656; x_wconf 88' lang='lat' dir='ltr'><strong>quamquam</strong></span> <span class='ocrx_word' id='word_1_322' title='bbox 2311 2602 2387 2645; x_wconf 90' lang='lat' dir='ltr'><strong>hoc</strong></span> <span class='ocrx_word' id='word_1_323' title='bbox 2406 2601 2555 2644; x_wconf 89' lang='lat' dir='ltr'><strong>durum</strong></span> 
     </span>
     <span class='ocr_line' id='line_1_31' title="bbox 255 2671 1703 2730; baseline -0.001 -15"><span class='ocrx_word' id='word_1_324' title='bbox 255 2677 299 2715; x_wconf 88' lang='lat' dir='ltr'><strong>et</strong></span> <span class='ocrx_word' id='word_1_325' title='bbox 328 2671 555 2715; x_wconf 87' lang='lat' dir='ltr'><strong>admodum</strong></span> <span class='ocrx_word' id='word_1_326' title='bbox 582 2675 848 2730; x_wconf 88' lang='lat' dir='ltr'><strong>ineleganter</strong></span> <span class='ocrx_word' id='word_1_327' title='bbox 877 2674 1034 2717; x_wconf 90' lang='lat' dir='ltr'><strong>dictum</strong></span> <span class='ocrx_word' id='word_1_328' title='bbox 1065 2686 1159 2716; x_wconf 90' lang='lat' dir='ltr'><strong>esse</strong></span> <span class='ocrx_word' id='word_1_329' title='bbox 1187 2685 1310 2715; x_wconf 91' lang='lat' dir='ltr'><strong>nemo</strong></span> <span class='ocrx_word' id='word_1_330' title='bbox 1340 2671 1430 2725; x_wconf 87' lang='lat' dir='ltr'><strong>erit,</strong></span> <span class='ocrx_word' id='word_1_331' title='bbox 1461 2672 1531 2726; x_wconf 83' lang='lat' dir='ltr'><strong>qui</strong></span> <span class='ocrx_word' id='word_1_332' title='bbox 1562 2678 1703 2727; x_wconf 87' lang='lat' dir='ltr'><strong>neget.</strong></span> 
     </span>
     <span class='ocr_line' id='line_1_32' title="bbox 420 2745 1905 2804; baseline 0.001 -16"><span class='ocrx_word' id='word_1_333' title='bbox 420 2745 493 2789; x_wconf 91' lang='lat' dir='ltr'><strong>Vs.</strong></span> <span class='ocrx_word' id='word_1_334' title='bbox 523 2746 606 2789; x_wconf 83' lang='lat'><strong>386</strong></span> <span class='ocrx_word' id='word_1_335' title='bbox 635 2761 727 2803; x_wconf 89' lang='lat' dir='ltr'><strong>sqq.</strong></span> <span class='ocrx_word' id='word_1_336' title='bbox 756 2761 886 2804; x_wconf 85' lang='lat' dir='ltr'><strong>parce</strong></span> <span class='ocrx_word' id='word_1_337' title='bbox 914 2747 1008 2803; x_wconf 87' lang='lat' dir='ltr'><strong>pias</strong></span> <span class='ocrx_word' id='word_1_338' title='bbox 1038 2746 1245 2790; x_wconf 85' lang='lat' dir='ltr'><strong>scelerare</strong></span> <span class='ocrx_word' id='word_1_339' title='bbox 1274 2758 1435 2799; x_wconf 86' lang='lat' dir='ltr'><strong>manus,</strong></span> <span class='ocrx_word' id='word_1_340' title='bbox 1465 2749 1538 2788; x_wconf 87' lang='lat' dir='ltr'><strong>aut</strong></span> <span class='ocrx_word' id='word_1_341' title='bbox 1568 2745 1637 2800; x_wconf 89' lang='lat' dir='ltr'><strong>qui</strong></span> <span class='ocrx_word' id='word_1_342' title='bbox 1669 2745 1746 2789; x_wconf 91' lang='lat' dir='ltr'><strong>tibi</strong></span> <span class='ocrx_word' id='word_1_343' title='bbox 1777 2746 1905 2789; x_wconf 90' lang='lat' dir='ltr'><strong>nostri</strong></span> 
     </span>
    </p>
   </div>
   <div class='ocr_carea' id='block_1_5' title="bbox 752 2840 1849 2974">
    <p class='ocr_par' dir='ltr' id='par_1_12' title="bbox 752 2840 1849 2974">
     <span class='ocr_line' id='line_1_33' title="bbox 754 2840 1849 2901; baseline -0.004 -13"><span class='ocrx_word' id='word_1_344' title='bbox 754 2845 902 2901; x_wconf 90' lang='lat' dir='ltr'><strong>pulsus</strong></span> <span class='ocrx_word' id='word_1_345' title='bbox 930 2857 1065 2899; x_wconf 89' lang='lat' dir='ltr'><strong>amor,</strong></span> <span class='ocrx_word' id='word_1_346' title='bbox 1103 2843 1139 2886; x_wconf 92' lang='lat' dir='ltr'><strong>si</strong></span> <span class='ocrx_word' id='word_1_347' title='bbox 1167 2842 1270 2885; x_wconf 88' lang='lat' dir='ltr'><strong>iuris</strong></span> <span class='ocrx_word' id='word_1_348' title='bbox 1299 2840 1476 2884; x_wconf 86' lang='lat' dir='ltr'><strong>materni</strong></span> <span class='ocrx_word' id='word_1_349' title='bbox 1507 2854 1610 2884; x_wconf 90' lang='lat' dir='ltr'><strong>cura</strong></span> <span class='ocrx_word' id='word_1_350' title='bbox 1637 2842 1849 2896; x_wconf 84' lang='lat' dir='ltr'><strong>remordit,</strong></span> 
     </span>
     <span class='ocr_line' id='line_1_34' title="bbox 752 2917 1146 2974; baseline 0.003 -15"><span class='ocrx_word' id='word_1_351' title='bbox 752 2918 863 2961; x_wconf 86' lang='lat' dir='ltr'><strong>natis</strong></span> <span class='ocrx_word' id='word_1_352' title='bbox 890 2931 1019 2974; x_wconf 88' lang='lat' dir='ltr'><strong>parce</strong></span> <span class='ocrx_word' id='word_1_353' title='bbox 1049 2917 1146 2960; x_wconf 88' lang='lat' dir='ltr'><strong>tuis.</strong></span> 
     </span>
    </p>
   </div>
   <div class='ocr_carea' id='block_1_6' title="bbox 417 3016 2555 3076">
    <p class='ocr_par' dir='ltr' id='par_1_13' title="bbox 417 3016 2555 3076">
     <span class='ocr_line' id='line_1_35' title="bbox 417 3016 2555 3076; baseline -0.001 -14"><span class='ocrx_word' id='word_1_354' title='bbox 417 3016 489 3062; x_wconf 87' lang='lat' dir='ltr'><strong>Sic</strong></span> <span class='ocrx_word' id='word_1_355' title='bbox 517 3017 666 3074; x_wconf 90' lang='lat' dir='ltr'><strong>Salm.,</strong></span> <span class='ocrx_word' id='word_1_356' title='bbox 706 3023 899 3076; x_wconf 84' lang='lat' dir='ltr'><strong>corrupte</strong></span> <span class='ocrx_word' id='word_1_357' title='bbox 928 3019 1019 3064; x_wconf 90' lang='lat' dir='ltr'><strong>sine</strong></span> <span class='ocrx_word' id='word_1_358' title='bbox 1048 3019 1190 3065; x_wconf 92' lang='lat' dir='ltr'><strong>dubio.</strong></span> <span class='ocrx_word' id='word_1_359' title='bbox 1248 3019 1388 3063; x_wconf 90' lang='lat' dir='ltr'><strong>Burm.</strong></span> <span class='ocrx_word' id='word_1_360' title='bbox 1430 3017 1541 3062; x_wconf 92' lang='lat' dir='ltr'><strong>unde</strong></span> <span class='ocrx_word' id='word_1_361' title='bbox 1577 3018 1651 3062; x_wconf 86' lang='lat' dir='ltr'><strong>illa</strong></span> <span class='ocrx_word' id='word_1_362' title='bbox 1689 3019 1784 3075; x_wconf 90' lang='lat' dir='ltr'><strong>„qui</strong></span> <span class='ocrx_word' id='word_1_363' title='bbox 1814 3019 1889 3062; x_wconf 89' lang='lat' dir='ltr'><strong>tibi</strong></span> <span class='ocrx_word' id='word_1_364' title='bbox 1919 3019 2050 3063; x_wconf 89' lang='lat' dir='ltr'><strong>nostri</strong></span> <span class='ocrx_word' id='word_1_365' title='bbox 2081 3019 2225 3075; x_wconf 85' lang='lat' dir='ltr'><strong>pulsus</strong></span> <span class='ocrx_word' id='word_1_366' title='bbox 2255 3019 2395 3061; x_wconf 84' lang='lat' dir='ltr'><strong>amor“</strong></span> <span class='ocrx_word' id='word_1_367' title='bbox 2423 3017 2555 3073; x_wconf 84' lang='lat' dir='ltr'><strong>petita</strong></span> 
     </span>
    </p>
   </div>
   <div class='ocr_carea' id='block_1_7' title="bbox 193 3088 2555 3218">
    <p class='ocr_par' dir='ltr' id='par_1_14' title="bbox 193 3088 2555 3218">
     <span class='ocr_line' id='line_1_36' title="bbox 193 3088 2555 3176; baseline 0.001 -45"><span class='ocrx_word' id='word_1_368' title='bbox 193 3140 200 3148; x_wconf 39' lang='lat'><strong>·</strong></span> <span class='ocrx_word' id='word_1_369' title='bbox 252 3088 347 3144; x_wconf 84' lang='lat' dir='ltr'><strong>sint,</strong></span> <span class='ocrx_word' id='word_1_370' title='bbox 377 3102 425 3133; x_wconf 93' lang='lat' dir='ltr'><strong>se</strong></span> <span class='ocrx_word' id='word_1_371' title='bbox 454 3092 618 3136; x_wconf 84' lang='lat' dir='ltr'><strong>nescire</strong></span> <span class='ocrx_word' id='word_1_372' title='bbox 646 3092 811 3176; x_wconf 81' lang='lat' dir='ltr'><strong>fatetur.</strong></span> <span class='ocrx_word' id='word_1_373' title='bbox 868 3093 1066 3151; x_wconf 83' lang='lat' dir='ltr'><strong>Meyerus</strong></span> <span class='ocrx_word' id='word_1_374' title='bbox 1094 3098 1215 3151; x_wconf 89' lang='lat' dir='ltr'><strong>putat</strong></span> <span class='ocrx_word' id='word_1_375' title='bbox 1242 3092 1441 3138; x_wconf 86' lang='lat' dir='ltr'><strong>nonnulla</strong></span> <span class='ocrx_word' id='word_1_376' title='bbox 1468 3092 1750 3136; x_wconf 82' lang='lat' dir='ltr'><strong>intercidisse.</strong></span> <span class='ocrx_word' id='word_1_377' title='bbox 1809 3092 2133 3149; x_wconf 88' lang='lat' dir='ltr'><strong>Oudendorpius</strong></span> <span class='ocrx_word' id='word_1_378' title='bbox 2162 3098 2301 3136; x_wconf 89' lang='lat' dir='ltr'><strong>autem</strong></span> <span class='ocrx_word' id='word_1_379' title='bbox 2330 3091 2435 3135; x_wconf 88' lang='lat' dir='ltr'><strong>haee</strong></span> <span class='ocrx_word' id='word_1_380' title='bbox 2462 3105 2555 3148; x_wconf 92' lang='lat' dir='ltr'><strong>pro-</strong></span> 
     </span>
     <span class='ocr_line' id='line_1_37' title="bbox 253 3163 414 3218; baseline 0 -12"><span class='ocrx_word' id='word_1_381' title='bbox 253 3163 414 3218; x_wconf 86' lang='lat' dir='ltr'><strong>posuit:</strong></span> 
     </span>
    </p>
   </div>
   <div class='ocr_carea' id='block_1_8' title="bbox 2186 3235 2209 3268">
    <p class='ocr_par' dir='ltr' id='par_1_15' title="bbox 2186 3235 2209 3268">
     <span class='ocr_line' id='line_1_38' title="bbox 2186 3235 2209 3268; baseline 0 0"><span class='ocrx_word' id='word_1_382' title='bbox 2186 3235 2209 3268; x_wconf 83' lang='lat'><strong>2</strong></span> 
     </span>
    </p>
   </div>
   <div class='ocr_carea' id='block_1_9' title="bbox 0 3556 2824 3778">
    <p class='ocr_par' dir='ltr' id='par_1_16' title="bbox 0 3556 2824 3778">
     <span class='ocr_line' id='line_1_39' title="bbox 0 3556 2824 3778; baseline 0 0"><span class='ocrx_word' id='word_1_383' title='bbox 0 3556 2824 3778; x_wconf 95' lang='lat' dir='ltr'><strong> </strong></span> 
     </span>
    </p>
   </div>
  </div>
 </body>
</html>
