2824 3778
183 342 186 345 ’
218 296 325 386 ,iffi-31:
343 339 520 388 ommno
545 317 653 397 non
673 301 837 405 potest.
887 312 985 386 Hoc
1012 345 1111 392 erat
1133 292 1514 407 «1100011101-11100,
1518 320 1686 403 01101110ι
1697 341 1806 392 0101
1806 345 2000 406 tempu
2046 350 2164 404 00,
2191 369 2213 398 η

220 403 388 507 arboris
416 411 639 479 custodem
668 413 815 458 010101.
873 413 938 458 Cf.
967 413 1164 471 Apollon.
1192 414 1330 466 Rbod.
1359 415 1432 472 lv,
1465 414 1574 464 1394
1593 429 1718 475 sqq.:
2151 404 2181 415 λ’
2222 448 2225 451 -

971 485 1069 542 ἷξον
1104 490 1139 534 ὃ
1169 491 1280 552 ἶερὸν
1315 484 1464 542 πὲδον,
1500 509 1535 550 ω
1574 492 1644 540 ἔνι
1664 494 1825 540 Λάδων
1897 508 1900 511 ’

829 571 959 622 sicera
991 586 1081 616 που
1113 570 1283 632 χθιζὸν
1311 569 1611 634 παγχρύσεα
1631 571 1765 635 ῥύετο
1798 574 1925 638 μῆλα

825 650 969 714 χώρῳ
994 650 1063 697 ἐν
1073 648 1328 705 Ἄτλαντος,
1362 652 1575 733 χθόνίος
1576 649 1711 710 ὄφις.

388 729 531 820 Quare
559 730 796 787 Vergilium
827 730 891 776 sic
918 730 1146 789 scripsisse
1175 732 1397 789 suspicor:

811 803 1098 861 Hesperidum
1127 805 1276 861 templi
1305 810 1451 851 custos
1480 806 1714 864 epulasque
1742 805 1919 852 draconi

809 890 920 934 quae
950 876 1083 922 dabat
1112 877 1170 935 (10
1197 878 1346 923 sacros
1375 879 1574 924 servabat
1596 879 1647 923 in
1676 875 1838 925 arbore
1856 880 2019 938 ramos)

811 963 1021 1008 spargens
1049 950 1196 1003 umida
1224 951 1353 996 mella
1382 951 1748 1009 soporiferumque
1774 959 1977 1010 papaver.

388 1021 631 1066 Dicendum
659 1024 773 1067 enim
792 1029 905 1080 0101,
935 1024 1101 1080 opinor,
1131 1024 1270 1081 qualis
1299 1025 1369 1069 hic
1399 1024 1530 1070 draco
1558 1023 1702 1082 fuerit,
1742 1025 1863 1070 cuius
1890 1025 1938 1070 fit
1964 1026 2142 1083 mentio,
2181 1028 2251 1073 vel
2279 1027 2351 1085 qui
2379 1027 2472 1075 0100
2499 1028 2560 1077 in
2616 1005 2618 1007 .
2657 1010 2683 1059 s

221 1107 346 1139 sacro
375 1107 480 1139 usus
511 1094 651 1139 fuerit.
1065 1092 1085 1115 ·

387 1169 480 1212 Iam
512 1169 816 1213 transeundum
846 1169 903 1213 ad
930 1170 1070 1214 locum
1099 1171 1230 1224 illum,
1268 1183 1393 1226 quem
1423 1169 1685 1216 Ribbeckius
1715 1177 1776 1215 vs.
1807 1170 1890 1215 486
1920 1171 2080 1216 inserto
2108 1182 2288 1216 sanasse
2316 1173 2399 1220 sibi
2427 1170 2550 1219 vide·

216 1246 298 1287 tur.
356 1242 513 1298 Agitur
539 1241 601 1286 ibi
630 1240 685 1287 de
714 1242 850 1288 sacris
879 1255 907 1287 a
934 1241 1106 1288 Didone
1133 1243 1315 1300 paratis;
1354 1248 1396 1288 01
1422 1238 1662 1300 postquam
1678 1255 1790 1300 quae
1818 1235 2022 1290 sacerdos
2051 1243 2243 1328 conquiri
2271 1244 2405 1303 iussit,
2444 1256 2544 1293 enu-

142 1369 149 1374 ,
216 1321 384 1361 metata
412 1320 521 1374 sunt,
552 1315 654 1361 inde
684 1330 712 1361 a
739 1330 804 1362 vs.
835 1318 918 1361 517
948 1316 1002 1361 de
1033 1317 1130 1375 ipsa
1158 1316 1328 1362 Didone
1356 1320 1502 1374 poeta
1513 1316 1621 1363 haec
1650 1315 1792 1375 addit:

807 1390 901 1448 ipsa
931 1391 1046 1436 mola
1074 1390 1356 1448 manibusque
1386 1390 1471 1448 piis
1500 1390 1657 1436 altaria
1684 1391 1816 1447 iuxta,

809 1478 937 1510 unum
968 1469 1098 1510 exuta
1127 1464 1281 1521 pedem
1310 1465 1484 1522 vinclis,
1524 1465 1569 1509 in
1598 1470 1719 1511 veste
1749 1465 1953 1521 recincta‚·

741 1545 755 1561 ·
806 1542 987 1584 testatur
1015 1537 1220 1582 moritura
1248 1537 1366 1583 deos.

384 1609 648 1655 Ribbeckius
687 1623 782 1655 eam
812 1612 1160 1669 explicationem,
1201 1610 1434 1656 secundum
1464 1625 1591 1669 quam
1628 1612 1742 1657 mola
1769 1612 1863 1657 sala
1891 1612 1934 1656 in
1963 1611 2110 1669 ignem
2138 1610 2353 1669 coniecta,
2392 1624 2544 1666 manus

215 1688 364 1748 autem⁴
395 1684 465 1740 pie
502 1685 720 1741 precantis
758 1685 816 1728 ad
845 1686 1009 1728 caelum
1040 1685 1234 1728 sublatae
1263 1685 1571 1741 intelligendae
1601 1690 1756 1742 essent,
1787 1698 1914 1743 quum
1944 1685 2225 1742 improbaret,
2264 1697 2432 1729 versum
2463 1686 2545 1730 486

213 1759 325 1802 inter
353 1760 435 1802 517
467 1763 510 1801 et
540 1759 623 1801 518
652 1758 895 1814 ponendum
925 1772 1022 1803 esse
1053 1759 1227 1814 censuit,
1257 1760 1318 1802 ita
1346 1764 1392 1802 ut
1422 1772 1520 1803 cum
1550 1762 1683 1816 ΜΡῪ,
1713 1760 1895 1817 Eutych.
1926 1759 2034 1815 cod.,
2072 1759 2191 1804 Serv.
2222 1756 2398 1803 ad'Ecl.
2430 1760 2543 1816 VIII,

214 1835 270 1875 82
299 1833 509 1888 „molam“
538 1832 758 1875 scriberet.
816 1833 1022 1876 Codicum
1051 1838 1193 1875 autem
1226 1833 1264 1875 h.
1288 1834 1315 1876 l.
1346 1834 1518 1877 lectioni
1548 1834 1650 1876 mihi
1674 1834 1839 1877 videtur
1859 1834 1965 1876 nihil
1985 1832 2253 1876 tribuendum
2278 1846 2385 1889 esse,
2415 1847 2543 1889 quum

215 1912 419 1962 sequatur
449 1920 528 1949 vox
560 1906 684 1950 litera
711 1923 753 1949 m
783 1907 1007 1962 incipiens.
1064 1907 1119 1949 Et
1146 1907 1308 1962 „mola‘·'
1337 1912 1452 1950 extat
1481 1908 1525 1950 in
1560 1911 1597 1950 F
1620 1898 1820 1963 idemque
1850 1908 1969 1951 Serv.
1999 1906 2056 1950 ad
2084 1906 2127 1949 h.
2142 1907 2170 1949 l.
2200 1911 2380 1950 testatur
2409 1907 2544 1964 (apud

216 1993 340 2036 quem
381 1979 439 2022 ad
478 1979 557 2022 ecl.
596 1979 718 2034 V111,
760 1982 816 2022 82
844 1979 1003 2036 ipsam
1034 1982 1227 2034 molam,
1268 1980 1438 2034 eodem,
1478 1984 1524 2023 ut
1552 1980 1656 2023 mihi
1685 1980 1862 2035 videtur,
1903 1993 2045 2024 errore
2075 1980 2141 2024 bis
2171 1979 2393 2034 admisso).
2451 1981 2544 2023 Iam

216 2052 448 2097 videndum
486 2057 571 2106 est,
611 2066 712 2095 num
751 2052 878 2096 lectio
918 2053 1094 2108 vulgata
1134 2067 1283 2097 revera
1318 2054 1464 2110 inepta
1491 2053 1558 2098 sit.
1629 2054 1770 2110 Atque
1799 2053 1845 2097 id
1874 2052 2046 2109 quidem
2075 2053 2284 2109 concedo,
2323 2067 2405 2112 non
2435 2053 2543 2097 bene

215 2126 418 2182 coniungi
454 2125 599 2181 „mola
634 2125 913 2182 manibusque
952 2132 1130 2171 testatur
1166 2128 1321 2184 deos“;
1369 2132 1410 2171 et
1455 2126 1671 2171 diversum
1714 2127 1817 2170 mihi
1864 2140 2031 2184 quoque
2075 2127 2243 2171 videtur
2279 2126 2392 2183 quod
2428 2126 2544 2184 apud

216 2200 402 2244 Plinium
443 2200 600 2255 legitur
634 2200 772 2255 „mola
811 2200 929 2244 salsa
968 2201 1236 2259 supplicare“
1274 2202 1329 2245 ab
1367 2214 1419 2245 eo
1458 2201 1571 2257 quod
1601 2201 1670 2244 hic
1699 2201 1883 2257 legimus
1912 2201 2123 2257 „testari“.
2180 2201 2257 2245 Est
2285 2213 2385 2245 vero
2416 2200 2542 2244 etiam

215 2274 302 2318 alia
329 2274 438 2330 ratio
469 2274 597 2318 verba
625 2274 923 2330 coniungendi,
953 2280 998 2318 ut
1027 2275 1202 2319 ablativi
1232 2275 1542 2330 coniungantur
1571 2288 1668 2318 cum
1698 2275 1859 2331 ipsa“,
1887 2274 1932 2318 id
1959 2274 2076 2358 quod
2095 2274 2336 2331 Wagnerus
2363 2275 2543 2331 probare

383 2422 508 2465 Hunc
545 2423 720 2467 ablativi
757 2436 881 2468 usum
911 2424 1056 2481 (quem
1086 2429 1200 2467 recte
1216 2423 1421 2472 habitum
1451 2422 1664 2478 quendam
1694 2422 1938 2479 significare
1968 2421 2092 2477 dicit)
2120 2422 2361 2478 Wagnerus
2391 2421 2470 2466 etsi
2500 2421 2565 2465 in*

215 2494 282 2540 ed.
320 2495 461 2552 Heyn.
501 2495 558 2540 ad
597 2495 636 2539 h.
668 2496 693 2540 l.
721 2496 966 2552 illustravit,
1004 2500 1147 2540 tamen
1186 2508 1325 2551 pauca
1363 2495 1534 2540 addam.
1602 2495 1790 2540 Pertinet
1828 2496 1898 2539 hic
1937 2494 2147 2540 ablativus
2176 2495 2339 2550 „mola“
2367 2499 2408 2538 et
2437 2507 2544 2551 quos

215 2569 460 2624 Wagnerus
490 2569 629 2612 attulit
659 2569 754 2626 (IX,
784 2571 880 2612 815.
917 2570 1005 2623 VII,
1040 2570 1132 2611 187.
1163 2569 1239 2624 XI,
1270 2570 1366 2611 711.
1397 2555 1495 2624 XII,
1526 2570 1622 2612 306.
1653 2570 1730 2625 III,
1757 2569 1862 2625 618)
1893 2569 1950 2612 ad
1978 2568 2207 2612 ablativum
2245 2567 2381 2623 modi;
2422 2568 2543 2612 cuius

214 2648 359 2685 tamen
398 2655 501 2685 usus
541 2655 670 2698 quum
708 2642 916 2686 latissime
945 2648 1112 2699 pateat,
1153 2643 1327 2698 singula
1356 2643 1554 2701 exempla
1590 2643 1700 2685 inter
1728 2655 1775 2686 se
1805 2642 2015 2687 differunt.
2074 2640 2193 2694 Quae
2221 2654 2321 2685 vero
2351 2651 2377 2684 'a
2405 2654 2544 2697 gram·

214 2716 386 2760 maticis
414 2716 537 2760 varia
565 2716 743 2759 ablativi
774 2729 936 2772 genera
963 2717 1282 2772 distinguuntur
1312 2717 1555 2774 (materiae,
1586 2717 1820 2772 qualitatis,
1850 2715 1986 2772 modi)
2015 2728 2142 2770 quum
2172 2714 2229 2757 ad
2255 2728 2382 2758 unam
2412 2715 2544 2758 notio-

213 2803 313 2841 nem
342 2790 603 2846 primitivam
634 2789 822 2844 redeant,
853 2803 983 2846 saepe
1013 2790 1074 2834 ita
1102 2791 1281 2834 alterum
1312 2790 1355 2833 in
1385 2791 1565 2834 alterum
1595 2795 1829 2845 transeunt,
1860 2798 1905 2834 ut
1934 2788 2108 2832 difficile
2138 2788 2192 2832 sit
2218 2782 2544 2843 unumquodque

215 2864 458 2922 exemplum
489 2869 607 2909 certo
637 2864 782 2920 generi
814 2864 1012 2909 tribuere.
1069 2864 1114 2909 Si
1145 2863 1230 2908 iam
1261 2877 1526 2920 quaeramus,
1557 2876 1769 2920 quaenam
1799 2863 1975 2908 ablativi
2006 2874 2165 2919 genera
2192 2875 2219 2906 a
2238 2862 2427 2917 Vergilio
2446 2874 2543 2906 cum

214 2939 493 2985 substantivis
524 2938 611 2997 (vel
640 2937 962 2995 pronominibus
992 2937 1045 2983 cf.
1076 2938 1168 2993 VII,
1202 2938 1295 2983 187.
1325 2938 1377 2984 G.
1408 2938 1478 2994 IV,
1509 2938 1583 2993 82)
1623 2938 1954 2994 coniungantur,
1993 2936 2173 2993 primum
2189 2935 2232 2992 ἃ)
2263 2935 2367 2981 satis
2397 2940 2543 2982 notum

286 3108 318 3149 ⁸)
352 3112 394 3139 ut
420 3109 627 3140 omittamus
655 3108 868 3147 ablativum,
895 3108 957 3149 qui
984 3108 1163 3150 originem
1188 3107 1329 3139 indicat
1361 3107 1417 3147 (ut
1440 3108 1484 3145 X,
1510 3106 1598 3139 205:
1633 3111 1737 3147 patre
1763 3106 1909 3138 Benaco
1936 3106 2104 3137 Mincius.
2152 3104 2214 3144 XI,
2240 3105 2327 3138 666:
2352 3104 2543 3137 Eumelum

357 3165 479 3208 Clytio
502 3170 620 3209 patre.
670 3167 732 3206 IV,
758 3165 804 3200 36
829 3166 949 3198 mariti
974 3166 1098 3208 Tyro.)
1135 3170 1170 3198 et
1197 3165 1400 3198 ablativum
1426 3175 1492 3207 pro
1518 3164 1677 3197 locativo
1704 3168 1937 3207 usurpatum:
1965 3165 2026 3204 VI,
2055 3162 2140 3198 187:
2165 3162 2227 3195 ille
2253 3173 2386 3195 aureus
2412 3162 2542 3195 arbore

357 3234 478 3258 ramus
504 3225 582 3269 (IV,
606 3224 653 3260 26
680 3224 825 3258 umbras
852 3223 1009 3267 Erebo).
