2824 3778
146 294 913 385 “·awmmquaoeevoeg
939 325 1152 392 xmr,
1181 326 2074 392 samm-mumma«

205 402 286 463 ⁸(ea
323 401 439 446 enim
477 394 608 445 etiam
645 399 705 445 ad
739 395 933 455 nostran
965 388 1179 446 rationein
1216 399 1515 460 mmmmm
1561 400 1659 460 „bic
1698 400 1827 448 enim
1835 402 1925 461 (εί
1944 398 2017 450 ne
2040 379 2231 454 νιιῙιιι
2249 377 2313 472 §.r--
2385 431 2389 437 -

209 475 315 522 illud
342 474 514 520 tolerari
541 478 701 531 potest,
740 475 940 531 quomam
968 473 1132 538 pariter
1159 478 1329 519 veretur
1354 471 1553 533 Iuppiter
1585 481 1631 521 et
1656 484 1719 526 no
1739 463 1887 522 tacita:
1896 480 1951 523 v'se
1977 478 2077 536 ip‘sa
2103 472 2252 532 dolore
2277 468 2468 537 mieffl‘et

207 563 265 594 ne
294 548 470 597 easdem
499 541 782 603 aegritudinis
811 560 915 592 suae
945 547 1224 591 cantilenas
1257 548 1357 592 .ad
1382 548 1606 595 fastidium
1631 565 1791 608 usque
1785 550 1877 596 sibi
1898 551 2138 597 offundat.“
2192 554 2432 612 (1⁸¹er
2430 550 2540 620 φήῃ

209 628 260 668 et
293 623 358 667 ita
394 620 697 679 explicandum
727 624 927 676 ·,censeat
975 625 1023 665 ιιι
1060 605 1221 665 arctius
1248 621 1383 681 verba
1407 626 1478 678 „et
1504 622 1613 667 mihi
1641 643 1697 652 -
1723 626 1970 670 ιοοιιιἮθιιιιι
1996 625 2314 683 coniungemh⁴
2319 625 2413 675 dm
2439 630 2557 692 cumr
2629 593 2824 624 ι

207 696 422 753 prioribus
460 700 504 739 et
541 698 588 739 ut
618 693 771 750 „dulce
809 695 885 756 os“
918 694 1165 750 significare
1204 698 1421 739 statuatur
1454 695 1640 740 vultum
1651 697 1842 743 Iunonis.
1877 699 1982 744 Sic
2003 691 2147 744 altero
2172 702 2364 748 nembro
2388 715 2538 760 Μ
2680 705 2684 709 ,
2706 716 2711 757 ζ

208 770 520 826 exprimeretur
553 768 684 812 tacite
721 767 924 822 dolentis,
969 766 1015 810 in
1053 767 1175 812 cuius
1212 768 1332 812 vultu
1370 781 1499 812 curae
1534 769 1677 814 tristes
1715 777 1966 834 appareant.
2032 773 2122 819 sed
2156 773 2232 818 tm
2259 775 2536 836 expumflom
2579 813 2581 816 Α
2655 812 2657 814 ¹
2743 768 2756 776 ”

207 844 343 888 verba
376 842 518 899 ipsa,
521 854 605 897 ,ex
644 854 717 885 ore
746 841 1069 884 recursent“
1096 853 1153 884 nc
1179 854 1354 898 prorsus
1383 840 1674 898 adversentur,
1703 854 1868 889 vereor.
1933 847 1988 890 Et
2014 846 2207 904 Iuppiter
2233 860 2410 893 uxorem
2439 847 2560 902 eamss

139 936 141 938 ·
209 930 305 961 esse
334 915 450 960 haud
478 915 719 971 ignorabat,
748 922 858 971 quae
888 928 973 959 non
1002 927 1173 971 semper
1202 914 1392 960 dolorem
1421 916 1705 973 comprimere
1733 918 1913 976 posset.)

378 990 446 1032 De
483 988 551 1032 his
587 988 694 1032 locis
732 988 953 1031 hactenus.
1011 988 1078 1030 De
1106 988 1262 1043 quibus
1292 1001 1403 1044 quae
1431 988 1665 1045 disputavi,
1702 989 1742 1034 si
1769 995 1886 1034 recte
1914 992 2092 1048 babent,
2131 993 2246 1049 quod
2272 976 2535 1042 Ribbeckius

208 1068 399 1108 extremo
434 1062 580 1107 libello
618 1061 673 1105 de
713 1061 935 1117 archetypi
974 1061 1172 1142 codicum
1212 1063 1414 1122 PRMFoy
1455 1064 1652 1120 exemplo
1691 1055 1895 1121 coniecit,
1927 1065 1989 1108 id
2026 1080 2109 1110 non
2148 1067 2236 1111 iam
2263 1067 2412 1126 babet,
2451 1083 2535 1125 quo

207 1137 383 1181 nitatur.

377 1210 501 1263 Quod
530 1213 674 1260 autem
702 1208 759 1250 ad
787 1221 883 1250 eam
913 1208 1283 1250 ratiocinationem
1313 1208 1482 1263 attinet,
1519 1223 1647 1263 quam
1674 1209 1798 1253 Ribb.
1828 1223 1870 1265 p.
1906 1210 1956 1253 19
1984 1209 2187 1267 instituit,
2223 1228 2353 1259 unum
2379 1214 2424 1259 in
2449 1214 2534 1266 hac
2574 1257 2577 1260 .
2611 1189 2649 1207 Α

206 1278 415 1341 deprendi
443 1295 644 1327 errorem.
698 1283 898 1338 Namque
928 1285 974 1324 ut
1002 1281 1289 1325 concedamus
1316 1282 1386 1337 IV,
1416 1282 1499 1326 486
1529 1286 1573 1326 et
1599 1282 1669 1339 IV,
1701 1282 1785 1327 548
1808 1296 1872 1339 sq.
1901 1283 1945 1327 in
1963 1283 2118 1329 falsum
2137 1285 2276 1330 locum
2296 1286 2533 1345 devenisse,

205 1358 314 1403 haec
342 1362 487 1403 tamen
516 1355 696 1401 duorum
725 1355 914 1400 locorum
944 1355 1220 1412 transpositio
1248 1368 1333 1398 non
1362 1355 1407 1397 in
1436 1354 1586 1398 codem
1616 1356 1725 1399 libro
1753 1377 1811 1382 -—
1840 1356 1886 1399 id
1914 1358 2027 1413 quod
2045 1358 2171 1401 Ribb.
2189 1365 2336 1403 censet
2358 1381 2417 1414 -,·-
2442 1361 2531 1406 fieri

204 1432 353 1490 potuit.
412 1431 529 1475 Dicit
557 1431 671 1474 enim
701 1429 813 1472 inter
841 1429 911 1485 IV,
942 1430 1025 1472 485
1054 1435 1099 1473 et
1127 1431 1209 1472 517
1240 1442 1388 1472 versus
1416 1429 1682 1473 intercedere
1709 1430 1906 1486 XXXII,
1943 1432 2016 1487 qui
2058 1437 2239 1487 quatuor
2272 1435 2444 1489 paginis
2473 1436 2536 1479 ita
2574 1446 2577 1447 ’

203 1506 399 1551 distribui
429 1505 606 1562 possint,
636 1509 683 1548 ut
711 1504 944 1560 incipiente
973 1504 1112 1560 prima
1141 1518 1168 1546 a
1199 1517 1259 1546 vs.
1290 1503 1374 1545 487
1401 1502 1446 1545 in
1476 1504 1628 1547 ultima
1655 1510 1753 1561 post
1782 1507 1957 1548 νε.ι517
1986 1510 2188 1561 sequatur
2216 1505 2299 1549 486
2328 1506 2462 1564 (hunc
2489 1509 2537 1564 in,

202 1579 396 1624 modum:
443 1579 477 1623 I.
509 1578 748 1622 487—494.
796 1576 849 1619 II.
881 1578 1120 1620 495—502.
1171 1577 1246 1619 III.
1278 1578 1516 1620 503—510.
1563 1578 1635 1620 IV.
1672 1579 1912 1621 511—517.
1943 1578 2060 1635 486).
2127 1579 2296 1622 Deinde
2336 1581 2531 1625 versibus

201 1654 428 1699 419—547
468 1652 574 1695 dicit
610 1650 800 1694 sedecim
841 1651 1025 1706 paginas
1069 1651 1181 1693 effici
1221 1650 1377 1693 omisso
1407 1665 1469 1694 vs.
1502 1651 1601 1706 528,
1640 1652 1711 1705 qui
1740 1652 1785 1693 in
1814 1651 1939 1694 codd.
1969 1652 2109 1706 deest,
2150 1657 2193 1694 et
2222 1652 2266 1694 in
2294 1654 2529 1708 marginem

201 1727 372 1770 reiectis
411 1726 495 1768 548
535 1738 598 1779 sq.
610 1725 672 1779 ἑξ),
712 1724 917 1779 paginam
955 1730 1097 1766 autem
1136 1725 1216 1765 LII
1253 1725 1347 1766 libri
1378 1725 1438 1766 IV
1477 1726 1634 1767 exiisse
1671 1724 1714 1766 iu
1745 1739 1808 1767 vs.
1838 1725 1922 1767 418
1951 1725 2139 1781 (omissis
2168 1739 2253 1768 νεε.
2290 1727 2386 1780 126,
2421 1726 2532 1782 178),

200 1800 405 1856 paginam
436 1797 617 1841 LXVIII
646 1797 690 1839 in
721 1811 783 1840 vs.
816 1797 927 1840 547.·
971 1797 1091 1840 Haec
1121 1796 1232 1839 inter
1262 1809 1308 1839 se
1338 1810 1423 1840 non
1453 1797 1720 1840 conveniunt.
1779 1797 1825 1841 Si
1855 1797 1968 1850 enim
1998 1797 2160 1854 pagina
2189 1797 2332 1852 aliqua
2362 1801 2531 1856 (secun-

200 1874 300 1917 dum
340 1873 463 1915 Ribb.
501 1872 662 1927 pagina
699 1871 799 1927 LII)
839 1871 1018 1927 incipiat
1058 1885 1085 1913 a
1124 1885 1184 1913 vs.
1224 1871 1324 1925 419,
1364 1871 1455 1913 sive
1485 1885 1547 1914 vs.
1580 1872 1660 1913 548
1690 1884 1751 1925 sq.
1782 1871 1826 1913 in
1855 1871 2092 1925 marginem
2122 1871 2390 1927 reiiciuntur,
2438 1872 2528 1915 sive

199 1962 283 1992 non
322 1947 587 2000 reiiciuntur,
633 1946 723 1988 fieri
764 1959 847 1988 non
889 1950 1047 2001 potest,
1096 1949 1140 1987 ut
1179 1945 1265 1987 ulla
1304 1945 1466 2001 pagina
1494 1945 1590 1987 libri
1621 1959 1647 1988 a
1676 1959 1738 1988 vs.
1770 1944 1851 1987 487
1881 1944 2058 2000 incipiat
2087 1950 2160 1988 aut
2188 1944 2313 1989 ullius
2341 1946 2528 2000 paginae

198 2035 347 2066 versus
377 2021 549 2064 ultimus
578 2021 633 2064 sit
663 2020 758 2063 486.
816 2020 882 2062 En
913 2033 1061 2062 versus
1091 2020 1187 2063 illos
1217 2020 1390 2075 paginis
1418 2019 1606 2062 secedim
1636 2033 1689 2062 ex
1719 2019 1842 2062 Ribb.
1873 2019 2035 2063 ratione
2065 2018 2332 2063 distributos:

368 2095 401 2136 I.
434 2095 516 2136 548
546 2108 608 2148 sq.
639 2095 684 2136 in
713 2107 849 2147 marg.
890 2094 1128 2135 419—-426,
1176 2095 1229 2135 11.
1261 2095 1499 2136 427—434.
1536 2095 1615 2136 III.
1647 2094 1884 2136 435—442.
1922 2093 1993 2136 IV.
2026 2094 2264 2136 443—450.
2303 2094 2352 2137 V.
2385 2096 2526 2138 451-

199 2168 295 2213 458.
342 2168 414 2211 VI.
446 2168 685 2211 459—466.
728 2166 820 2210 VII.
853 2167 1090 2211 467—474.
1130 2167 1244 2210 VIII.
1275 2167 1511 2211 475—482.
1549 2167 1626 2211 IX.
1657 2167 1894 2211 483—485.
1925 2166 2162 2212 487—491.
2200 2166 2255 2209 X.
2288 2167 2525 2212 492—499.

198 2243 275 2286 XI.
307 2242 545 2286 500—507.
576 2241 673 2284 XII.
706 2242 944 2284 508—515.
975 2241 1096 2284 XIII.
1129 2241 1365 2284 516—517.
1398 2242 1493 2284 486.
1526 2242 1761 2284 518—522.
1791 2242 1906 2284 XIV.
1938 2242 2159 2284 523—531
2192 2242 2293 2298 (om.
2324 2256 2384 2285 vs.
2408 2242 2524 2298 528).

199 2316 291 2358 XV.
322 2316 560 2358 532—539.
597 2315 713 2357 XVI.
744 2315 983 2356 540—547.

364 2389 436 2433 Sic
476 2388 670 2431 videmus
709 2388 867 2430 nullam
906 2387 1109 2443 paginam
1140 2392 1212 2430 aut
1241 2401 1266 2430 a
1295 2401 1357 2430 vs.
1390 2388 1470 2429 487
1500 2387 1689 2443 incipere
1720 2392 1795 2430 aut
1823 2387 1867 2430 in
1896 2400 1958 2430 νε.
1989 2388 2071 2430 486
2102 2393 2197 2443 post
2228 2390 2309 2430 517
2339 2388 2521 2443 positum

198 2464 329 2507 exire.

269 2646 304 2687 *)
339 2645 446 2685 Quod
472 2644 578 2676 Ribb.
604 2656 638 2686 p.
661 2643 702 2677 19
729 2643 834 2675 dicit:
871 2649 930 2683 „et
956 2645 985 2676 si
1012 2645 1048 2676 in
1074 2644 1275 2686 marginem
1301 2642 1425 2676 reiecti
1453 2645 1556 2675 erant
1581 2641 1650 2677 548
1675 2653 1728 2686 sq.
1759 2646 1794 2676 et
1819 2641 1901 2685 486,
1935 2642 2093 2676 sedecim
2118 2642 2204 2676 inde
2229 2642 2390 2686 paginae
2417 2645 2522 2676 erant

338 2714 454 2746 usque
480 2702 526 2735 ad
551 2713 603 2735 vs.
630 2701 735 2742 547“,
768 2702 866 2745 ipse,
900 2702 936 2734 ni
963 2701 1091 2743 fallor,
1124 2701 1283 2734 scribere
1311 2700 1427 2733 voluit
1452 2701 1502 2733 nil
1529 2701 1599 2733 nisi
1624 2700 1717 2743 „548
1742 2704 1818 2744 sq.“
1875 2702 1932 2734 De
1957 2711 2065 2734 versu
2092 2701 2187 2733 enim
2212 2699 2281 2735 486
2306 2701 2413 2733 modo
2439 2702 2519 2744 ipse

338 2761 443 2794 aliter
475 2761 723 2801 iudicaverat3
761 2771 879 2802 neque
907 2761 976 2792 nisi
1002 2761 1032 2791 is
1058 2770 1186 2791 versus
1213 2770 1286 2791 non
1311 2760 1348 2790 in
1373 2761 1536 2802 margine
1562 2762 1704 2803 positus
1730 2761 1858 2801 fuerit,
1892 2761 2051 2794 sedecim
2076 2760 2232 2802 paginas
2256 2770 2308 2793 vs.
2334 2760 2521 2794 419-547

339 2820 435 2852 effici
461 2830 570 2863 posse
597 2830 640 2852 ex
667 2820 718 2851 eis
746 2830 839 2861 quae
866 2819 1042 2861 proposui
1069 2818 1177 2850 facile
1204 2818 1418 2860 perspicias.

359 3300 393 3332 p.
423 3288 465 3323 12
490 3289 512 3322 l.
543 3287 584 3322 13
610 3291 780 3329 rrrrrrrrrr
808 3288 961 3320 alterum
988 3288 1057 3320 del.
1086 3310 1126 3315 -—
1162 3299 1198 3331 p.
1228 3288 1269 3321 14
1294 3288 1316 3320 l.
1341 3288 1386 3321 25
1412 3288 1494 3332 lege
1521 3290 1693 3329 ‚,metro“.
1723 3308 1761 3313 —
1796 3299 1830 3330 p.
1860 3286 1902 3321 16
1928 3290 2003 3319 not.
2029 3285 2051 3318 l.
2077 3285 2099 3319 4
2123 3285 2206 3330 lege
2232 3287 2353 3327 ‚,aut“.
