2824 3778
219 517 332 569 MR,
373 515 428 557 P:
474 512 584 557 abeo
622 513 671 567 (e
704 525 812 556 corr.
848 511 894 555 in
930 510 980 566 i).
1049 511 1261 556 Graviora
1298 515 1443 557 autem
1482 511 1591 557 haee
1617 516 1736 566 suut.
1772 524 1839 557 vs.
1865 510 1945 567 331
1978 486 2102 574 (VII,
2118 508 2251 572 18)

217 586 377 631 lumine
415 585 522 630 Hos.
559 598 656 629 eum
696 588 768 641 M,
805 583 878 630 ubi
921 587 1055 630 FPR:
1104 588 1312 630 nocturna
1339 584 1384 629 in
1412 584 1587 631 lumina.
1648 581 1965 643 180(11,62):
2001 597 2080 630 seu
2107 583 2297 632 cerne&

216 660 343 704 morti
358 659 405 713 *)
434 672 530 703 cum
561 660 665 713 MR,
694 657 766 701 ubi
798 660 840 703 P
863 671 893 702 a
918 671 981 714 pr
1011 672 1090 702 m.:
1124 671 1361 703 occurrere.
1391 679 1464 687 —·
1485 671 1549 703 vs.
1577 658 1663 703 346
1689 656 1789 717 (VI,
1817 655 1923 717 607)
1949 652 2116 704 intonat
2142 670 2234 714 οη,
2271 658 2347 712 ubi
2371 653 2703 712 stiffi

217 725 379 790 ePepat.
415 753 475 760 —
522 745 586 776 vs.
625 731 681 775 83
720 731 794 787 (G.
823 731 895 788 IV,
926 731 1048 786 447).
1089 744 1228 787 neque
1256 734 1323 775 est
1350 736 1394 775 te
1422 730 1571 776 fallere
1598 729 1825 790 quicquam
1853 745 1953 778 cum
1982 733 2085 788 MR,
2122 718 2211 778 ubi
2224 728 2284 778 P:
2302 732 2572 793 cuiquam

217 806 379 865 (8οιν.·
415 806 626 862 cuiquam,
654 805 729 851 alii
758 805 986 862 quicquam
1015 805 1211 862 legunt..)
1269 805 1343 849 Vs.
1375 806 1395 850 1
1428 804 1545 863 (XII,
1571 804 1670 863 176)
1697 806 1893 863 precanti
1921 819 2018 851 cum
2033 807 2105 863 Μ,
2130 805 2205 851 ubi
2229 798 2323 851 ΡΒ.
2349 785 2538 864 vocaiiffl
2558 797 2581 855 ἶ
2631 824 2696 879 ⁵11}

218 893 280 924 vs.
310 880 338 923 2
371 879 492 935 (ΧΠ,
512 878 676 936 ’,,178)
679 883 723 923 et
751 883 797 923 tu
825 877 1029 924 Saturnia
1055 877 1189 922 Iuno“
1217 893 1312 923 eum
1344 883 1417 934 Μ·
1457 881 1555 923 ΡΒ·
1591 878 1788 923 coniunx.

384 969 465 1014 His
502 969 669 1013 duobus
708 968 818 1013 locis
858 969 940 1026 (νε.
975 968 1017 1024 1,
1048 967 1094 1024 2)
1124 968 1306 1013 Medicei
1335 969 1462 1014 lectio
1492 968 1593 1025 quin
1616 967 1778 1033 vitiosa
1806 968 1874 1025 sit,
1911 968 2094 1014 dubitari
2122 969 2197 1014 vix
2223 970 2378 1027 potest.
2433 933 2551 1025 Veris

217 1043 330 1087 enim
372 1047 439 1088 est
476 1043 616 1087 simile
658 1055 719 1087 νε.
758 1042 866 1098 XII,
909 1043 989 1087 176
1018 1041 1123 1086 illud
1149 1042 1392 1098 „precanti“
1420 1046 1557 1087 ortum
1584 1055 1683 1087 esse
1711 1055 1767 1087 ex
1794 1040 1878 1088 fine
1906 1044 2056 1088 versus
2085 1041 2158 1099 qui
2184 1041 2436 1101 praecedit,
2460 1043 2564 1101 qui.
2682 1078 2693 1089 ..

215 1117 260 1161 in
285 1117 536 1173 „precatur“
563 1116 665 1160 exit.
724 1116 876 1172 Neque
904 1115 1138 1171 Vergilium
1169 1115 1240 1159 hic
1267 1115 1510 1172 „precanti“
1538 1115 1761 1172 scripsisse
1788 1119 1836 1159 ut
1864 1114 2100 1171 credamus,
2128 1114 2234 1160 facit
2259 1116 2393 1162 etiam
2420 1109 2573 1174 qnod-“

215 1204 278 1233 vs.
313 1190 392 1233 169
421 1203 567 1233 rursus
590 1189 786 1245 sequitur
812 1202 958 1232 rursus
987 1188 1102 1232 idem
1131 1185 1383 1232 vocabulum
1409 1189 1622 1244 „.precor“
1679 1188 1746 1232 De
1774 1201 1901 1242 versu
1927 1192 2071 1233 autem
2093 1187 2173 1233 178
2186 1187 2285 1233 libri
2303 1188 2392 1234 XII
2416 1194 2535 1249 ηοω
2562 1191 2564 1193 ’

216 1263 458 1318 Wagnerus
487 1263 532 1306 in
560 1262 750 1307 editione
778 1263 938 1319 Heyn.:
976 1275 1128 1317 „quum
1158 1261 1314 1316 ubique
1344 1266 1514 1317 praeter
1540 1260 1653 1306 hunc
1680 1260 1819 1306 locum
1848 1261 2049 1307 Saturnia
2076 1260 2200 1317 Iunc,
2238 1275 2324 1307 ιιοιι
2350 1261 2548 1310 coniunx‘
2604 1300 2633 1322 .,
2717 1254 2725 1264 ’
2746 1262 2752 1270 ’
2783 1268 2799 1282 ‘

214 1336 403 1392 vocetur,
432 1336 529 1392 III,
541 1336 638 1382 380.
668 1336 716 1392 V,
747 1337 844 1379 606.
872 1335 949 1391 IX,
979 1337 1017 1378 2.
1049 1336 1144 1378 745.
1173 1334 1269 1378 802.
1300 1334 1354 1390 X,
1385 1335 1468 1378 760
1497 1339 1540 1379 et
1570 1334 1713 1392 paullo
1741 1339 1842 1379 ante
1870 1334 1965 1390 XII,
1998 1334 2090 1391 158,
2130 1339 2310 1393 apparet
2336 1336 2534 1383 librarios

215 1409 272 1453 ad
310 1415 436 1454 notas
474 1409 673 1465 loquendi
714 1403 916 1453 formulas
953 1409 1155 1471 pleraque
1191 1416 1442 1452 revocantes
1472 1409 1687 1465 expulisse
1717 1422 1860 1453 veram
1890 1408 2114 1453 lectionem
2145 1408 2368 1454 coniuux.“
2422 1408 2534 1464 Quo-

212 1483 329 1526 niam
367 1487 510 1526 autem
548 1482 701 1526 eadem
740 1481 856 1538 apud
890 1481 1115 1526 Hosidium
1156 1477 1445 1537 inveniuntur,
1475 1482 1626 1526 eoniici
1655 1482 1776 1538 licet,
1812 1482 1896 1526 iam
1927 1481 2042 1525 illius
2070 1486 2213 1526 aetate
2240 1480 2348 1526 haec
2376 1482 2534 1529 menda
2584 1507 2587 1509 Δ

214 1555 257 1598 in
296 1555 456 1611 Vergili
496 1556 627 1599 verba
667 1555 905 1611 irrepsisse.
971 1554 1110 1610 Atque
1147 1568 1229 1598 non
1260 1555 1385 1598 aliter
1412 1554 1467 1598 de
1496 1554 1563 1598 his
1592 1554 1698 1599 locis
1727 1554 1888 1611 iudico,
1925 1554 2079 1610 quibus
2108 1555 2299 1599 centonis
2326 1547 2532 1602 lecIiones

213 1633 381 1671 veteres
418 1641 583 1671 errores
623 1627 772 1670 testari
813 1627 1027 1693 videntur:
1071 1641 1135 1670 vs.
1173 1628 1254 1670 234
1294 1628 1419 1683 (Aen.
1460 1627 1545 1681 ΙΙΙ,
1575 1627 1694 1683 621),
1734 1627 1805 1670 ubi
1833 1627 2078 1682 „affabilis“,
2109 1641 2193 1670 non
2219 1628 2532 1686 „effabilis“**)
2579 1623 2583 1629 ’

214 1701 315 1756 quin
353 1701 570 1756 Vergilius
608 1700 844 1757 scripserit,
892 1714 975 1744 non
1014 1700 1179 1755 dubit03
1229 1701 1337 1743 bene
1375 1700 1486 1743 enim
1528 1700 1720 1756 Heynius
1763 1700 1819 1744 ad
1857 1700 1897 1744 h.
1924 1700 1973 1743 l.:
2013 1705 2153 1755 „recte
2182 1708 2323 1745 tamen
2353 1702 2529 1747 alterum

214 1774 437 1832 (affabilis)
466 1774 721 1830 praefertur,
754 1772 1093 1831 quandoquidem
1125 1774 1310 1816 iunctum
1349 1787 1444 1816 cum
1483 1789 1558 1817 nec
1586 1775 1741 1829 facilis
1771 1775 1911 1817 visu.“
1974 1772 2141 1817 Deinde
2180 1774 2291 1828 quod
2328 1774 2532 1821 Hosidius

212 1862 275 1892 vs.
313 1849 367 1891 25
410 1861 463 1891 ex
502 1848 608 1892 Aen.
651 1848 710 1903 X,
755 1848 833 1891 100
873 1847 1044 1903 scripsit
1080 1860 1243 1902 „rerum
1285 1847 1350 1890 cui
1390 1860 1556 1890 summa
1590 1847 1814 1903 potestas“‚
1857 1847 1970 1902 quod
1999 1852 2042 1890 et
2070 1847 2226 1891 Donati
2254 1853 2297 1891 et
2324 1848 2530 1894 Macrobii

211 1922 417 1977 praebent
446 1921 719 1977 exemplaria,
748 1921 910 1964 illatum
941 1934 1038 1965 esse
1068 1934 1096 1964 a
1122 1920 1307 1964 librariis
1337 1933 1389 1964 ex
1412 1920 1757 1976 interpretatione
1778 1934 1854 1976 pro
1872 1911 2056 1977 eoquod
2076 1921 2287 1977 Vergilius
2305 1922 2530 1979 scripsisse
2586 1926 2596 1944 ⁹

212 1994 521 2039 existimandus
561 1998 626 2038 est
660 1993 858 2050 ,prima“,
897 1994 1134 2037 rectissime
1165 1994 1404 2049 Wagnerus
1435 1993 1649 2049 iudicavit,
1688 1994 1757 2049 qui
1794 1989 1974 2050 optime:
2010 2007 2087 2049 „ac
2118 1994 2198 2038 nisi
2227 1995 2287 2039 ita
2317 1990 2528 2052 (prima)‘⁵,

210 2068 359 2125 inquit,
387 2069 601 2124 „legatur,
644 2067 770 2123 plane
799 2067 935 2111 otiosa
963 2072 1028 2111 est
1057 2067 1190 2110 altera
1219 2080 1368 2110 versus
1397 2081 1496 2123 pars
1527 2069 1667 2125 (pater
1695 2067 1997 2123 omnipotens),
2039 2080 2166 2122 quum
2196 2068 2528 2124 omnipotens

209 2142 246 2186 is
277 2143 354 2199 sit,
392 2142 463 2199 qui
495 2154 748 2186 summam
778 2153 949 2183 rerum
979 2145 1291 2197 potestatem
1321 2141 1491 2184 habet.
1549 2140 1637 2184 Sed
1665 2141 1830 2196 prima
1857 2145 2045 2197 potestas
2074 2140 2167 2183 Iovi
2196 2142 2389 2185 tribuitur
2417 2146 2528 2185 cete-

208 2228 349 2258 rorum
391 2215 564 2259 deorum
606 2216 772 2257 ratione
811 2202 977 2268 habita,
1020 2215 1177 2270 quippe
1216 2215 1272 2257 ad
1310 2228 1433 2269 quem
1473 2228 1576 2270 prae
1615 2216 1771 2258 ceteris
1799 2215 1865 2257 dis
1893 2228 2031 2256 rerum
2063 2220 2249 2270 potestas
2279 2215 2528 2270 pertineat.“

208 2289 319 2330 Tum
350 2301 414 2330 vs.
445 2289 524 2330 331
559 2289 683 2344 (Aen.
717 2288 805 2341 VlI,
839 2287 909 2342 13)
938 2293 1165 2341 „nocturno
1196 2287 1237 2329 in
1268 2287 1450 2330 lumine“
1477 2301 1560 2330 nou
1589 2293 1703 2330 recte
1732 2287 1880 2341 habet,
1919 2287 1996 2329 sed
2025 2287 2148 2329 unice
2177 2301 2279 2330 vera
2307 2292 2373 2330 est
2401 2287 2527 2331 lectio

205 2365 439 2417 „nocturna
483 2360 526 2404 in
570 2360 756 2404 lumina“
799 2360 934 2418 (ussit
976 2360 1196 2416 cedrum),
1244 2359 1443 2416 quoniam
1488 2359 1556 2402 hic
1600 2359 1830 2414 indicatur,
1882 2358 1984 2415 quid
2026 2359 2148 2403 Oirce
2193 2359 2319 2403 cedro
2362 2360 2525 2404 urenda

208 2434 288 2477 sibi
320 2446 569 2490 comparare
599 2434 792 2477 voluerit.
860 2433 1002 2485 Quid?
1050 2432 1165 2489 quod
1194 2432 1397 2475 Hosidius
1436 2433 1608 2489 scripsit
1636 2447 1699 2475 vs.
1730 2434 1811 2475 229
1841 2446 1895 2474 ex
1925 2433 1978 2483 G.
2008 2433 2067 2487 Π,
2109 2433 2187 2474 341
2229 2434 2393 2487 „ferrea
2430 2447 2525 2488 pro-

207 2508 385 2564 genies“
411 2520 550 2551 nonne
580 2520 608 2551 a
636 2508 820 2551 librariis
850 2507 1119 2550 substitutum
1151 2506 1317 2549 videtur
1345 2507 1463 2548 alteri
1495 2506 1676 2561 lectioni,
1707 2520 1833 2562 quam
1862 2506 2055 2561 Servius,
2091 2506 2299 2561 Philarg.,
2344 2507 2523 2550 Lactan-

207 2582 289 2625 tius
319 2582 485 2625 firmant
515 2582 714 2639 (eamque
744 2582 939 2637 probavit
968 2581 1105 2623 Bentl.
1136 2581 1191 2623 ad
1221 2581 1322 2623 Hor.
1354 2581 1478 2636 epod.
1508 2582 1569 2636 11,
1605 2580 1674 2634 18)
1701 2586 1866 2636 „terrea
1896 2581 2183 2637 progenies“‘?
2228 2582 2380 2636 Neque
2409 2581 2522 2624 enim

204 2655 277 2704 illo
316 2655 410 2699 loco
451 2655 594 2711 agitur
631 2655 684 2699 de
713 2655 851 2699 ferreo
881 2654 1094 2698 hominum
1124 2665 1284 2709 genere
1314 2653 1459 2711 (quale
1490 2658 1555 2696 est
1584 2653 1698 2710 apud
1727 2654 1960 2697 Hesiodum
1992 2656 2201 2717 σιδήρειοι)
2237 2655 2402 2714 γένος),
2448 2655 2527 2698 sed

205 2727 258 2771 de
298 2727 539 2772 hominibus
578 2729 759 2786 primum
801 2742 853 2773 ex
895 2733 1008 2772 terra
1036 2727 1284 2784 procreatis.
1351 2727 1473 2779 Quod
1502 2728 1705 2772 Hosidius
1742 2733 1885 2771 autem
1924 2742 2019 2773 cum
2055 2732 2119 2781 Fy
2149 2730 2320 2785 scripsit
2348 2744 2409 2773 νε.
2439 2729 2523 2771 314

205 2802 331 2857 (Aen.
364 2802 452 2856 VII,
483 2803 589 2855 459)
622 2804 925 2858 „praeruptus“
952 2816 1029 2858 pro
1056 2802 1333 2857 ,‚proruptus“
1361 2805 1553 2856 apertum
1584 2806 1648 2845 est
1676 2801 1836 2844 vitium.
1867 2822 1923 2828 —
1967 2802 2159 2857 Denique
2189 2816 2271 2846 non
2302 2802 2525 2858 negligen-

204 2873 285 2918 dus
316 2880 381 2918 est
412 2889 473 2919 vs.
504 2875 586 2918 243
617 2875 743 2932 (Aen.
774 2875 826 2930 II,
855 2875 978 2930 778),
1008 2874 1079 2931 qui
1110 2873 1221 2918 hunc
1252 2874 1293 2917 in
1323 2873 1495 2917 modum
1525 2873 1569 2916 in
1599 2873 1692 2917 cod.
1723 2874 1854 2918 Salm.
1887 2874 2069 2931 scriptus
2097 2879 2232 2919 extat:

372 2979 543 3021 possem
573 2967 672 3011 hinc
701 2966 927 3022 adportare
958 2966 1178 3010 Creusum.

274 3158 306 3202 ⁸)
338 3161 377 3193 in
401 3160 511 3194 Salm.
538 3161 647 3194 etiam
673 3164 771 3194 certe
797 3160 971 3203 scriptum
998 3164 1097 3193 extat
1123 3148 1204 3193 cum
1231 3159 1326 3218 ΜΎ,
1352 3159 1460 3193 Nonii
1487 3159 1639 3203 exempl.
1689 3160 1739 3195 P:
1774 3161 1911 3197 certsse.

251 3228 303 3273 ⁰)
337 3230 434 3272 quod
460 3235 582 3264 tamen
607 3231 756 3264 Servius
783 3230 919 3273 aliique
944 3230 1172 3274 grammatici
1199 3229 1377 3274 legerunt.
