2824 3778
207 327 541 409 immutamus
564 327 695 391 »ω’
733 345 934 403 emptu·
999 342 1195 390 Duobus
1215 335 1348 391 eni-
1354 322 1459 392 ns
1469 338 1586 394 ³001-
1604 330 1700 397 iso
1694 322 1885 406 'vm
1916 323 2066 414 munifi

224 432 226 435 ’
401 416 628 474 ·Queru1'n
668 426 799 466 unam
836 420 928 464 iam
962 431 1094 478 supra
1132 418 1297 477 astigis
1311 420 1359 477 Ι
1382 419 1470 465 80
1480 420 1579 478 αι’.
1591 412 1873 481 dapibusque
1891 418 2338 474 armantem

232 493 412 539 liventia
438 485 596 541 mella
623 506 806 538 veneno.
873 494 1081 539 Fortasse
1108 499 1251 539 antem
1279 494 1477 540 Valerius
1500 484 1600 551 FL,
1620 496 1739 552 q'uia
1749 501 1795 541 81
1820 496 1903 572 ipsi
1925 507 2124 586 papaver
2149 481 2299 583 illud
2375 521 2378 523 ·

234 640 360 698 vm,
397 642 454 685 95
491 654 579 698 εει.
637 623 764 687 sacra
798 642 943 687 ferens
981 642 1281 699 epuiasque
1317 632 1419 699 ssu
1476 652 1559 686 nec·
1576 602 1693 687 sins
1728 641 1867 691 1118811
1904 643 2062 690 neila
2094 597 2295 692 (laium
2315 661 2394 695 88
2389 639 2570 697 8011118-
2613 652 2780 715 ‘'4153322

233 715 452 760 nutribam
479 715 568 760 fida
598 716 787 760 venenis.
789 715 834 771 *)

402 918 550 966 Tertio
587 890 682 963 loco
722 891 986 963 Ribbecirius
1022 931 1103 962 em.
1144 917 1274 972 Verg.
1311 931 1354 974 p.
1397 917 1450 962 14
1488 931 1582 973 sqq.
1619 916 1673 962 de
1711 916 1807 970 libri
1837 917 1902 963 IX
1938 932 2002 964 va.
2037 922 2117 968 146
2151 936 2214 980 εει.
2243 922 2368 981 egit,
2397 908 2508 981 qnos
2535 940 2564 989 a
2531 884 2611 980 ⁴*-

233 991 428 1048 Vergilio
464 995 564 1049 post
601 1005 663 1036 vs.
704 994 761 1034 72
794 993 958 1049 positos
986 991 1118 1036 fuisse
1147 991 1404 1048 suspicatur.
1462 990 1560 1035 Ut
1548 1005 1593 1034 ιιι
1621 985 1860 1043 codicibus
1869 992 2080 1037 collocati.
2091 1000 2281 1051 extant,
2293 985 2568 1070 inveniuntur
2623 1013 2655 1056 ἡ
2692 999 2725 1016 ’“

235 1066 281 1112 in
310 1067 503 1113 oratione
531 1066 681 1122 Turni,
707 1079 794 1125 ει88
821 1065 942 1125 (inde
972 1079 1000 1108 8
1027 1079 1090 1109 vs.
1098 1053 1225 1118 128)
1254 1078 1356 1109 suos
1385 1064 1585 1122 prodigio
1613 1064 1807 1118 turbatos
1835 1064 1948 1110 bono
1976 1066 2122 1115 animo
2149 1081 2248 1115 esse
2274 1069 2412 1118 iubet:

769 1157 865 1201 sed
877 1170 972 1211 vos,
1013 1146 1039 1200 o
1067 1157 1188 1213 lecti,
1221 1157 1338 1201 ferro
1367 1157 1465 1213 quis
1494 1156 1690 1200 scindere
1720 1156 1878 1200 vallum

769 1236 952 1287 apparat
982 1235 1024 1273 et
1054 1242 1221 1273 mecum
1250 1230 1433 1273 invadit
1443 1229 1705 1285 trepidantia
1731 1228 1910 1273 castra?

401 1320 604 1365 Oratione
633 1333 714 1364 sua
743 1321 913 1365 Tamus
942 1322 1023 1365 hoc
1054 1325 1240 1378 spectat,
1279 1325 1328 1369 ut
1354 1320 1535 1364 militum
1563 1320 1730 1367 animos
1749 1319 1929 1374 eadem,
1968 1333 2113 1376 quam
2135 1321 2231 1379 ipse
2268 1284 2579 1381 88881,Βο81.

233 1397 411 1438 eventus
449 1392 608 1438 fiducia
636 1395 864 1451 compleat.
922 1394 1065 1447 Quare
1093 1394 1260 1450 incipit:
1304 1399 1539 1438 monstrum
1567 1394 1673 1438 illud
1701 1399 1745 1459 et
1771 1393 2017 1450 prodigium
2046 1395 2255 1452 (mutatae
2284 1403 2405 1441 erant
2431 1412 2564 1444 naves
2602 1389 2634 1470 ¹·
2671 1374 2674 1383 ι

230 1467 513 1512 Troianorum
544 1467 588 1510 in
617 1460 901 1525 nympharum
931 1467 1132 1524 formam)
1161 1468 1360 1511 Troianis
1388 1467 1624 1524 perniciem
1643 1466 1910 1523 portendere,
1925 1467 2099 1524 tquippe
2126 1464 2280 1524 quibus
2298 1483 2400 1527 spes
2419 1468 2567 1528 erepta

230 1540 287 1584 sit
316 1553 395 1597 per
423 1555 542 1585 mare
571 1541 788 1597 fugiendi,
833 1547 990 1587 terram
1030 1546 1173 1585 autem
1202 1555 1230 1584 8
1257 1546 1320 1585 101
1348 1541 1549 1586 Italorum
1581 1541 1779 1597 gentibus
1807 1553 2053 1597 possessam
2083 1546 2129 1586 ut
2158 1543 2440 1599 expugnaturi
2472 1543 2565 1600 sint,

230 1612 323 1657 fieri
362 1628 447 1658 non
485 1627 629 1672 posse.
695 1615 848 1671 Neque
887 1614 1028 1670 magis
1068 1614 1243 1658 deorum
1281 1615 1367 1659 iliis
1396 1613 1615 1671 responsis
1645 1627 1693 1658 se
1723 1614 1889 1670 terreri,
1928 1615 2081 1670 quibus
2111 1616 2247 1660 Troes
2276 1620 2439 1660 tantum
2468 1630 2567 1662 con·

230 1686 378 1732 fidant.
446 1688 563 1734 Satis
604 1700 702 1732 esse
741 1688 953 1733 Troianos
991 1693 1146 1748 terram
1184 1688 1272 1732 fato
1311 1688 1566 1744 promissam
1607 1687 1817 1742 tetigisse.
1882 1687 2058 1731 Praeter
2093 1688 2177 1733 ‘hoc
2214 1689 2274 1732 nil
2304 1703 2332 1733 8
2359 1690 2453 1735 deis
2482 1691 2567 1736 illis

230 1760 363 1806 licere
392 1767 634 1819 expectare,
665 1767 814 1825 contra
842 1762 922 1819 ipsi
955 1775 1075 1818 spem
1107 1775 1203 1806 esse
1232 1761 1334 1817 fore,
1364 1766 1411 1805 ut
1438 1775 1547 1818 gens
1577 1774 1630 1807 ne
1660 1761 1801 1818 priore
1831 1761 2002 1817 quidem
2032 1762 2156 1806 clade
2178 1763 2248 1820 pie
2269 1776 2403 1820 agere
2424 1764 2566 1822 docta,

232 1835 347 1892 quod
387 1836 537 1880 iterum
581 1836 842 1881 commiserit
878 1837 1018 1881 scelus
1059 1837 1148 1880 luat
1185 1836 1300 1880 victa
1338 1836 1395 1880 ab
1432 1836 1567 1880 Italis.
1640 1835 1820 1880 Omnem
1849 1836 2016 1880 illorum
2046 1850 2167 1893 spem
2197 1837 2283 1880 iam
2310 1835 2491 1894 positam
2521 1840 2564 1883 in

232 1910 405 1973 castris3
450 1910 528 1954 sed
559 1911 665 1953 haec
697 1925 829 1967 parvo
859 1912 1105 1955 adiumento
1133 1912 1224 1955 fore
1254 1911 1337 1965 eis,
1377 1911 1449 1965 qui
1479 1924 1532 1954 ne
1563 1910 1733 1954 moenia
1761 1910 1932 1965 quidem
1962 1911 2118 1954 Troiae
2148 1911 2391 1956 firmissima
2419 1927 2447 1956 a
2484 1914 2565 1958 deo

231 1984 462 2027 aedificata
500 1984 733 2029 defendere
772 1986 999 2041 potuerint.
1068 1986 1140 2030 Sic
1177 1987 1347 2029 Tmnus
1387 1990 1609 2040 postquam
1652 1984 1962 2028 demonstravit
1989 1984 2187 2029 Troianis
2218 1986 2283 2029 vel
2312 1994 2485 2043 propter
2514 2001 2567 2032 ea

232 2071 342 2112 quae
382 2063 510 2101 antea
549 2059 713 2114 experti
753 2065 896 2102 essent
933 2074 1017 2102 non
1056 2073 1260 2114 magnam
1302 2072 1422 2114 spem
1452 2058 1657 2102 victoriae
1686 2072 1781 2102 esse
1811 2071 1958 2113 posse:
2002 2072 2191 2114 pugnam
2221 2060 2428 2115 promittit
2456 2076 2566 2117 quae

231 2131 361 2174 instet
392 2132 475 2175 illis
506 2133 637 2175 exitio
667 2132 771 2175 fore.
830 2133 882 2175 Et
913 2146 1040 2188 quum
1063 2132 1127 2180 ad
1157 2132 1202 2175 id
1232 2131 1345 2187 quod
1377 2131 1460 2174 iam
1491 2130 1735 2174 faciendum
1763 2130 1818 2174 sit
1843 2131 2020 2186 accedit,
2048 2132 2210 2175 electos
2239 2145 2339 2176 suos
2361 2135 2566 2190 appella-t:

771 2212 850 2266 sed
879 2237 968 2278 vos,
999 2238 1023 2267 o
1054 2224 1167 2279 lecti,
1196 2222 1307 2266 ferro
1339 2222 1434 2278 quis
1465 2221 1661 2265 scindere
1692 2221 1848 2265 vallum

768 2302 950 2353 apparat
979 2302 1021 2367 et
1050 2310 1217 2340 mecum
1247 2295 1413 2339 invadit
1443 2295 1703 2352 trepidantia
1732 2295 1906 2339 castra?

404 2387 475 2431 Sic
519 2392 660 2430 autem
701 2401 801 2431 suos
839 2388 1108 2443 interrogans
1148 2402 1194 2431 se
1231 2392 1346 2430 certe
1377 2392 1518 2430 castra
1546 2386 1788 2430 invasurum
1822 2400 1917 2431 esse
1946 2386 2126 2442 indicat,
2165 2386 2290 2431 simul
2319 2400 2365 2430 se
2395 2393 2566 2443 sperare

232 2461 448 2515 significat
476 2461 557 2504 sibi
590 2461 768 2504 comites
799 2475 822 2504 e
854 2462 1057 2505 lectorum
1088 2475 1261 2505 numero
1292 2475 1377 2504 non
1408 2461 1642 2515 defuturos,
1674 2465 1715 2503 et
1745 2460 1805 2503 ita
1835 2474 1920 2515 eos,
1950 2465 1997 2503 ut
2025 2472 2071 2503 se
2102 2460 2221 2515 sequi
2252 2460 2390 2515 velint,
2419 2461 2567 2505 incitat

232 2535 306 2592 (cf.
351 2549 412 2578 vs.
454 2536 505 2578 51
550 2535 697 2590 ecquis
740 2536 836 2590 erit,
876 2549 1064 2590 mecum,
1105 2536 1299 2590 iuvenes,
1341 2535 1409 2591 qui
1453 2534 1614 2591 primus
1656 2533 1699 2577 in
1730 2534 1894 2577 hostem
1925 2532 2013 2590 —).
2073 2534 2248 2578 Summa
2277 2534 2406 2589 igitur
2434 2535 2564 2578 Turni

236 2608 395 2652 fiducia
425 2610 555 2665 (quae
583 2615 674 2652 tota
703 2610 895 2653 oratione
927 2609 1196 2664 conspicitur,
1228 2609 1275 2652 cf
1313 2609 1441 2651 etiam
1474 2622 1536 2651 vs.
1570 2605 1668 2660 126)
1698 2607 1798 2649 inde
1828 2612 2018 2663 apparet,
2055 2607 2168 2662 quod
2197 2607 2264 2650 vel
2295 2621 2389 2651 cum
2419 2608 2567 2664 paucis

233 2687 376 2724 castra
416 2684 676 2725 Teucrorum
720 2698 970 2739 oppugnare
1012 2688 1187 2739 paratus
1227 2688 1305 2725 est.
1374 2682 1569 2725 Eandem
1608 2681 1739 2724 Turni
1779 2680 1978 2724 fiduciam
2018 2680 2262 2724 describunt
2300 2681 2427 2725 etiam
2456 2695 2565 2737 quae

233 2761 479 2809 sequuntur.
550 2757 659 2797 Eum
697 2757 808 2798 enim
851 2772 897 2800 se
936 2758 1118 2799 affirmat
1157 2770 1275 2809 esse,
1316 2755 1383 2798 cui
1414 2769 1498 2798 non
1530 2769 1637 2810 opus
1667 2754 1722 2798 sit
1751 2753 2042 2798 instrumentis
2072 2753 2222 2808 quibus
2252 2754 2407 2798 Graeci
2437 2754 2567 2799 Troia

231 2829 353 2884 potiti
396 2829 502 2884 sint,
551 2843 688 2884 neque
730 2830 859 2873 armis
899 2830 1045 2872 divina
1085 2844 1164 2885 ope
1206 2828 1329 2872 factis
1368 2842 1506 2883 neque
1547 2827 1678 2871 tantis
1708 2826 1865 2883 copiis,
1909 2838 1961 2868 ne
1992 2829 2079 2869 tum
2110 2826 2301 2882 quidem,
2353 2827 2390 2871 si
2419 2840 2566 2873 omnes

230 2903 399 2946 Etrusci
440 2903 640 2946 Troianis
679 2904 840 2947 auxilio
878 2905 1062 2947 veniant.
1131 2904 1186 2947 Ut
1227 2909 1369 2946 autem
1409 2902 1489 2958 ipsi
1532 2917 1616 2946 nou
1656 2901 1922 2944 multitudine
1952 2900 2128 2945 militum
2160 2900 2391 2955 confidant,
2430 2900 2489 2945 ita
2519 2915 2566 2945 se

308 3058 338 3101 ⁴)
375 3058 484 3099 Quod
518 3059 744 3091 Ribbeckius
779 3059 813 3091 h.
837 3059 859 3090 l.
895 3059 1091 3091 draconem
1128 3059 1208 3102 ipso
1235 3069 1421 3102 papavere
1450 3068 1471 3089 a
1495 3057 1627 3089 Medea
1653 3056 1766 3099 sopiri
1793 3056 1899 3088 dicit:
1934 3067 2107 3090 reverane
2134 3056 2192 3088 hic
2218 3055 2262 3088 de
2288 3065 2472 3098 papavere
2498 3065 2565 3088 nec

374 3119 496 3160 potius
533 3118 576 3149 de
614 3117 687 3150 alio
726 3118 885 3159 quodam
918 3118 1184 3149 medicamento
1229 3116 1466 3159 cogitandum
1505 3116 1570 3155 sit,
1620 3115 1787 3148 dubitare
1825 3114 1922 3147 licet.
1979 3115 2101 3148 Verba
2134 3114 2227 3147 enim
2260 3113 2396 3147 Valerii
2434 3124 2488 3147 vs.
2519 3112 2566 3149 84

385 3180 619 3217 „cunctaque
645 3176 800 3208 Lethaei
839 3186 1017 3217 quassare
1053 3175 1202 3207 silentia
1227 3176 1341 3207 rami“
1370 3175 1480 3217 Verg.
1506 3174 1548 3213 V,
1576 3171 1647 3207 854
1672 3182 1724 3215 sq.
1751 3173 1956 3205 imitantur:
1992 3183 2100 3213 „cece
2127 3172 2215 3205 deus
2241 3181 2379 3205 ramum
2405 3171 2567 3205 Lethaeo

375 3243 458 3266 rore
485 3232 691 3265 madentem
721 3254 759 3259 —
789 3235 977 3275 quassav‘,
1003 3233 1066 3265 ubi
1093 3242 1200 3264 verus
1226 3232 1411 3264 Lethaeus
1438 3241 1497 3263 ros
1524 3230 1786 3274 intelligendus
1814 3235 1878 3263 est.
