2824 3778
716 318 953 375 „sic4vos‚
992 332 1019 364 o
1045 318 1166 372 lecti,
1205 307 1905 378 remanentne-ieram
1998 309 2127 363 ‘⁴0:2³5‘

684 396 899 460 apparat
926 397 972 438 et
999 405 1167 439 mecum
1195 384 1364 440 invadit
1381 392 1652 452 trepidantia
1678 394 1861 440 castri-⁴¹
1891 410 1893 412 ·
2136 433 2144 440 .

715 458 807 511 tum
834 479 939 511 vero
967 467 1218 511 incumbunt
1244 470 1327 512 e'tc.
1390 481 1393 484 ’
2123 485 2132 489 -
2177 497 2183 507 ι
2401 485 2411 493 ·

405 537 527 581 Haec
579 538 808 593 quamvis
813 539 1042 586 Ribbeckii
1083 540 1333 585 sententiae
1361 539 1508 584 savem
1547 539 1793 599 videantur,
1842 547 1985 587 tamen
2022 509 2149 587 nobis
2185 536 2463 600 persuadere}
2468 559 2606 600 ‘non

234 614 475 666 potuerunt.
533 610 607 654 Sic
635 611 751 655 enim
777 625 930 656 versus
959 613 1229 668 Vergilianos
1260 614 1487 658 similiores
1515 626 1615 657 esse
1641 614 1740 659 loco
1766 615 1995 661 Homerico
2023 615 2105 660 etsi
2133 626 2298 671 negare
2324 617 2476 676 nolim,
2503 622 2602 673 at

233 683 279 728 in
314 683 506 729 oratione
546 684 678 728 Turni
716 684 758 738 ¹si
795 684 924 742 positi
962 684 1134 742 fuerint,
1183 687 1254 731 vix
1293 686 1424 731 ullam
1463 699 1491 731 a
1517 686 1735 731 Macrobio
1772 688 2096 734 similitudinem
2132 687 2338 746 deprendi
2378 689 2581 749 potuisse

232 757 472 802 Ribbeckio
511 772 595 803 non
635 760 936 804 concesserim.
994 760 1186 816 Utroque
1216 761 1330 806 enim
1359 761 1454 806 loeo
1483 759 1715 816 imperator
1743 774 1843 807 snos
1872 763 2114 810 cohortatur
2142 762 2571 822 (cohortandi‘rat'iffi
2609 764 2611 766 ’

236 846 334 875 nem
377 831 445 876 his
482 832 590 876 locis
629 832 843 878 diversam
881 848 977 878 esse
1017 823 1247 891 concedo),
1297 840 1343 879 ut
1379 838 1522 880 castra
1550 833 1734 880 hostium
1763 837 2091 896 aggrediantur3
2126 851 2183 883 ex
2212 830 2394 895 sin‘gulis
2421 845 2566 888 autem
2609 832 2611 835 Α

238 906 469 962 respondet
510 908 771 969 ,ῥήγνυσθε
816 912 1006 969 τεῒχος“
1047 909 1108 953 illi
1145 909 1368 965 „scindere
1406 908 1602 954 vallum‘⁴.
1679 908 1829 964 Neque
1874 909 2102 957 similiores
2138 912 2248 958 inter
2285 924 2334 958 se
2369 912 2445 958 alii
2479 908 2564 962 loci

175 1014 183 1023 ·
233 992 332 1030 sunt
368 987 588 1031 Homerici
626 993 669 1031 et
708 988 967 1045 Vergiliani,
1019 1004 1126 1045 quos
1155 988 1397 1033 Macrobius
1433 991 1691 1043 comparat„
1725 986 1798 1032 Sic
1828 986 1875 1043 V,
1904 989 1943 1044 8,
1974 990 2001 1033 2
2030 991 2194 1036 confert
2220 991 2327 1036 Aen.
2355 990 2448 1049 Vn,
2484 994 2564 1039 197
2595 994 2611 1036 ’.
2667 1015 2677 1022 ,

234 1073 328 1117 sqq.
359 1066 402 1103 et
430 1061 555 1104 Hom.
586 1061 669 1105 od.
700 1084 750 1122 ay,
783 1064 857 1117 71,
888 1064 961 1106 ubi
990 1063 1210 1118 utriusque
1238 1054 1321 1106 loci
1350 1061 1565 1106 sententia
1593 1065 1676 1104 est:
1716 1059 1819 1116 quid
1846 1065 2041 1117 petentes
2070 1077 2147 1119 per
2174 1064 2313 1110 maria
2340 1066 2451 1111 vecti
2480 1066 2573 1113 huc⁴

236 1132 506 1178 advenistis?
554 1134 727 1189 singula
754 1140 897 1179 autem
926 1136 1032 1180 satis
1062 1136 1234 1179 diversa
1262 1140 1372 1179 sunt.
1430 1133 1604 1178 Confert
1633 1132 1748 1177 idem
1776 1133 1825 1188 V,
1854 1134 1893 1189 8,
1923 1136 1948 1178 5
1979 1134 2028 1178 11.
2061 1138 2116 1191 H,
2146 1137 2228 1181 314
2256 1152 2320 1195 sq.
2351 1140 2454 1184 321:

712 1213 831 1254 τοῖσι
868 1211 912 1254 δὲ
946 1212 1062 1263 βοῦν
1099 1213 1290 1271 ἱέρευσεν
1325 1206 1443 1261 ἅναξ
1480 1210 1646 1270 ἀνδρῶν
1681 1209 1971 1270 Ἀγαμέμνων

717 1289 881 1352 ἄρσενα
917 1294 1216 1351 πενταέτηρον
1254 1288 1485 1353 empne-affl
1520 1294 1749 1350 Κρονίωνι.

719 1369 922 1431 νώτοισιν
959 1375 993 1416 δ’
1025 1372 1194 1416 Αἴαντα
1229 1372 1493 1437 διηνεκέεσσι
1529 1373 1727 1432 γέραιρεν

236 1454 279 1493 et
308 1450 417 1494 Aen.
447 1451 562 1506 VIII,
597 1451 677 1493 182
708 1464 790 1506 sq.:

715 1525 900 1568 vescitur
928 1526 1101 1568 Aeneas
1131 1524 1256 1568 simul
1288 1531 1329 1567 et
1358 1524 1546 1567 Troiana
1575 1523 1772 1566 iuventus

715 1600 909 1654 perpetui
941 1603 1062 1653 tergo
1092 1598 1214 1640 bovis
1244 1603 1288 1640 et
1317 1597 1561 1640 lustralibus
1592 1597 1716 1640 extis.

232 1671 305 1714 ubi
334 1677 532 1715 accurate
563 1672 673 1715 inter
703 1686 749 1715 se
780 1673 1039 1728 respondent
1068 1672 1176 1714 haec
1205 1676 1386 1714 tantum:
1429 1673 1606 1716 νώτοισῐ
1641 1673 1905 1731 διηνεκέεσσι
1938 1676 1979 1713 et
2006 1672 2224 1727 „perpetui
2253 1677 2375 1727 tergo
2406 1672 2565 1718 bovis“.

403 1751 600 1806 Denique
631 1765 737 1807 quos
767 1752 884 1795 locos
914 1751 1157 1794 Macrobius
1187 1752 1234 1806 V,
1266 1755 1302 1806 5,
1332 1755 1358 1793 6
1389 1753 1530 1794 affert:
1569 1753 1675 1794 Aen.
1707 1752 1760 1805 II,
1793 1753 1892 1792 274:
1932 1751 1970 1792 ei
2002 1751 2105 1792 mihi
2135 1751 2273 1805 qualis
2303 1758 2405 1806 erat,
2436 1768 2567 1807 quan-

234 1828 321 1866 tum
374 1830 561 1868 mutatus
611 1826 666 1867 ab
717 1825 789 1867 illo
830 1826 1035 1878 Hectore,
1087 1825 1158 1879 qui
1203 1825 1314 1866 redit
1363 1826 1541 1868 exuvias
1579 1825 1748 1868 indutus
1790 1824 1946 1866 Achilli
1986 1829 2065 1866 etc.
2107 1830 2149 1866 et
2188 1825 2237 1867 ΙΙ.
2278 1826 2338 1879 X,
2382 1827 2464 1869 373
2501 1841 2564 1881 sq.

237 1893 272 1943 ὦ
307 1902 461 1949 πόποι,
500 1895 527 1959 >7³
561 1899 688 1962 μάλα
725 1901 773 1959 δὴ
798 1900 1121 1962 μαλακώτερος
1152 1899 1525 1959 ἀμφαφάασθαι
1524 1902 1707 1960 ‘Eiet-mg),
1741 1899 1769 1959 ἡ
1791 1898 1867 1943 ὅτε
1886 1902 1989 1957 νῆας
2009 1899 2240 1959 ἐνέπρησεν
2263 1900 2366 1960 πυρὶ
2393 1902 2562 1961 κηλέᾳιξ

235 1977 278 2020 in
309 1978 374 2021 his
405 1983 447 2021 et
477 1980 613 2022 omnis
642 1992 782 2022 rerum
814 1979 1009 2022 condicio
1040 1986 1081 2021 et
1112 1978 1370 2033 loquentium
1402 1980 1577 2022 affectus
1607 1979 1731 2022 valde
1761 1980 1871 2020 inter
1901 1992 1946 2020 se
1977 1978 2189 2021 differunt.

403 2052 634 2095 Praeterea
673 2058 815 2095 autem
857 2052 1081 2107 quominus
1111 2052 1374 2094 Macrobium
1404 2065 1552 2095 versus
1587 2054 1665 2095 146
1697 2067 1759 2108 sq.
1791 2054 1885 2095 loco
1916 2051 2000 2093 alio
2030 2056 2156 2106 atque
2187 2066 2297 2094 nunc
2328 2058 2475 2096 extant
2504 2054 2565 2096 in-

235 2125 401 2168 venisse
433 2131 680 2180 statuamus,
711 2126 841 2168 etiam
872 2126 976 2168 illud
1007 2125 1160 2179 obstat,
1191 2125 1304 2179 quod
1334 2126 1528 2167 collocati
1558 2132 1655 2168 sunt
1684 2126 1793 2168 inter
1821 2125 1917 2167 libri
1946 2125 2010 2166 IX
2039 2137 2187 2167 versus
2220 2126 2300 2183 138
2329 2132 2371 2168 et
2404 2127 2482 2169 157
2512 2141 2563 2170 ex

235 2198 387 2246 eadem
426 2199 559 2241 Turni
603 2198 794 2242 oratione
833 2198 1094 2253 desumptos.
1161 2198 1401 2240 Macrobius
1430 2203 1574 2240 autem
1604 2199 1651 2252 V,
1681 2211 1775 2254 cap.
1806 2198 1955 2250 4-10,
1997 2211 2124 2251 quum
2156 2198 2271 2240 locos
2302 2199 2565 2253 singulorum

235 2272 441 2315 Aeneidis
461 2272 661 2315 librorum
689 2286 739 2315 ex
763 2272 950 2315 Homero
970 2277 1160 2327 sumptos
1176 2271 1310 2325 affert,
1341 2277 1540 2314 accurate
1563 2276 1705 2314 servat
1726 2284 1924 2314 versuum
1947 2270 2138 2313 ordinem
2154 2271 2195 2313 in
2217 2272 2564 2326 enumerandof)

404 2347 506 2389 Post
544 2359 711 2389 versum
753 2351 897 2388 autem
941 2348 994 2387 72
1034 2346 1261 2400 quicquam
1303 2346 1540 2389 desiderari
1584 2359 1706 2388 nemo
1747 2345 1827 2387 erit
1866 2345 1937 2399 qui
1980 2344 2107 2387 dicat.
2173 2346 2404 2402 Postquam
2452 2348 2565 2390 enim

232 2419 400 2462 Turnus
436 2419 607 2462 taedam
646 2419 844 2475 arripuit,
897 2419 990 2462 eius
1028 2420 1269 2475 exemplum
1309 2419 1460 2462 imitati
1500 2419 1605 2463 socii
1644 2432 1810 2463 summa
1853 2417 1892 2459 vi
1930 2417 1973 2460 in
2005 2423 2145 2461 eastra
2173 2418 2376 2474 impetum
2405 2420 2566 2464 faciunt

181 2481 183 2484 V
234 2495 432 2548 („urguet
462 2495 709 2549 praesentia
739 2494 931 2546 Turni“).
991 2494 1185 2548 Denique
1214 2493 1474 2536 Ribbeckius
1505 2499 1551 2536 ut
1581 2506 1728 2536 versus
1763 2493 1840 2534 146
1872 2506 1934 2547 sq.
1967 2492 2034 2534 hie
2065 2492 2252 2535 inserere
2290 2500 2451 2549 posset,
2489 2508 2565 2550 pro

236 2566 333 2609 sed
364 2567 551 2610 scribere
589 2567 737 2610 debuit
775 2567 876 2621 sic,
919 2572 1065 2609 contra
1102 2566 1213 2608 idem
1259 2566 1371 2621 quod
1401 2566 1572 2609 codices
1603 2566 1811 2622 praebent
1842 2566 1929 2620 qui
1961 2566 2159 2607 servavit.
2219 2567 2305 2609 Sed
2334 2568 2564 2610 mutatione

236 2640 367 2684 multo
398 2641 588 2685 faciliore
619 2655 696 2697 pro
725 2641 821 2696 „qui
853 2640 1073 2684 scindere“
1102 2640 1230 2683 scribi
1263 2641 1381 2695 „quis
1412 2640 1633 2683 scindere“
1664 2653 1789 2695 quam
1819 2639 1931 2694 „sic“
1960 2652 2035 2694 pro
2064 2639 2193 2694 „sed“
2220 2645 2348 2695 patet.
2408 2643 2565 2685 Secun-

235 2713 333 2757 dum
374 2715 598 2758 Ribbeekii
640 2720 780 2759 autem
822 2716 1029 2757 rationem
1073 2728 1199 2769 quum
1239 2715 1361 2769 „qui“
1402 2714 1645 2769 significare
1685 2713 1954 2756 statuendum
1993 2713 2048 2755 sit
2088 2713 2131 2755 id
2172 2715 2284 2769 quod
2313 2716 2564 2772 „quisquis“,

237 2800 493 2842 quamquam
526 2789 587 2831 ita
617 2793 732 2831 reete
763 2788 848 2831 dici
881 2801 1041 2842 negare
1073 2801 1155 2830 non
1187 2788 1335 2842 ausim,
1367 2793 1510 2830 tamen
1540 2788 1621 2829 loci
1653 2787 1804 2829 similis
1836 2800 1917 2828 non
1948 2786 2134 2828 memini.

1385 2880 1425 2926 4.

404 2951 566 2994 Maiore
605 2951 811 2993 brevitate
852 2950 909 2992 uti
942 2950 1087 2993 licebit
1117 2951 1160 2992 in
1193 2950 1415 2993 tractando
1446 2950 1593 2992 ultimo
1624 2948 1717 2991 loeo
1746 2948 1851 3003 XII,
1882 2948 1960 2991 801
1997 2962 2058 3004 sq.
2130 2949 2209 3001 Qui
2239 2963 2388 2993 versus
2418 2955 2564 2993 extant

235 3024 277 3066 in
309 3024 512 3080 oratione,
544 3038 627 3079 qua
657 3024 845 3079 Iuppiter
876 3024 1079 3067 Iunonem
1112 3023 1312 3078 hortatur,
1343 3036 1395 3066 ne
1425 3023 1580 3066 frustra
1609 3022 1696 3064 fato
1727 3022 1923 3065 obstante
1947 3023 2133 3065 Turnum
2164 3023 2368 3066 adiuvare
2398 3029 2563 3080 pergat.

307 3159 342 3202 *)
378 3160 437 3191 Bis
474 3164 613 3193 tantum
648 3160 678 3191 is
713 3159 803 3191 ordo
837 3162 1003 3190 servatus
1040 3169 1111 3189 non
1148 3162 1220 3190 est:
1257 3159 1318 3197 IX,
1344 3157 1412 3190 4:35
1441 3158 1560 3200 capite
1591 3156 1631 3189 10
1658 3157 1694 3187 in
1721 3156 1789 3188 fine
1816 3158 1927 3189 totius
1956 3157 2238 3189 enumerationis
2266 3158 2379 3198 affert,
2407 3159 2563 3190 fortasse

377 3219 464 3260 quia
491 3228 571 3250 eum
598 3228 743 3250 versum
770 3222 879 3249 autea
905 3227 970 3248 suo
998 3217 1079 3249 loco
1109 3217 1237 3249 afferre
1264 3216 1488 3259 neglexerat.
1539 3215 1680 3247 Deinde
1707 3215 1766 3254 lv,
1793 3215 1861 3248 700
1887 3218 2037 3257 propter
2062 3214 2334 3248 similitudinem
2360 3216 2563 3249 sententiae

378 3287 458 3308 cum
485 3277 527 3316 Y,
552 3276 620 3309 740
646 3286 700 3317 sq.
728 3275 926 3307 coniunxit.
